timestamp,price,volume,side,bid_price,bid_size,ask_price,ask_size
2024-06-01 10:00:00,3760.05,0.389,buy,3759.91,10.53,3760.28,12.77
2024-06-01 10:00:01,3760.04,0.193,buy,3759.9,7.85,3760.27,11.57
2024-06-01 10:00:02,3760.1,0.165,buy,3759.86,6.93,3760.35,6.74
2024-06-01 10:00:03,3760.25,0.185,buy,3759.99,5.5,3760.37,12.2
2024-06-01 10:00:04,3760.23,0.625,sell,3759.99,13.76,3760.52,10.7
2024-06-01 10:00:05,3760.21,0.146,sell,3759.98,11.0,3760.42,12.24
2024-06-01 10:00:06,3760.36,0.403,buy,3760.08,6.07,3760.59,10.43
2024-06-01 10:00:07,3760.44,0.778,buy,3760.33,12.66,3760.55,14.56
2024-06-01 10:00:08,3760.39,0.365,sell,3760.26,12.56,3760.69,11.27
2024-06-01 10:00:09,3760.45,0.787,buy,3760.27,7.89,3760.66,10.74
2024-06-01 10:00:10,3760.4,0.771,sell,3760.23,6.88,3760.61,13.43
2024-06-01 10:00:11,3760.36,0.321,buy,3760.17,13.14,3760.64,8.79
2024-06-01 10:00:12,3760.38,0.756,sell,3760.24,8.3,3760.67,8.16
2024-06-01 10:00:13,3760.19,0.773,sell,3760.06,13.47,3760.33,10.03
2024-06-01 10:00:14,3760.02,0.458,buy,3759.81,5.44,3760.3,10.84
2024-06-01 10:00:15,3759.96,0.289,buy,3759.67,9.99,3760.21,7.2
2024-06-01 10:00:16,3759.86,0.569,sell,3759.68,6.8,3759.96,11.82
2024-06-01 10:00:17,3759.89,0.929,buy,3759.78,11.72,3760.04,13.02
2024-06-01 10:00:18,3759.8,0.676,buy,3759.56,14.97,3759.98,10.77
2024-06-01 10:00:19,3759.66,0.256,sell,3759.5,9.13,3759.87,10.23
2024-06-01 10:00:20,3759.8,0.714,buy,3759.65,6.0,3760.04,7.95
2024-06-01 10:00:21,3759.78,0.484,buy,3759.62,8.18,3759.92,14.1
2024-06-01 10:00:22,3759.79,0.632,sell,3759.54,13.92,3760.06,12.54
2024-06-01 10:00:23,3759.65,0.761,sell,3759.38,12.66,3759.91,9.8
2024-06-01 10:00:24,3759.59,0.563,sell,3759.37,7.32,3759.82,11.59
2024-06-01 10:00:25,3759.6,0.833,buy,3759.44,14.54,3759.89,8.37
2024-06-01 10:00:26,3759.49,0.75,sell,3759.33,11.22,3759.75,5.6
2024-06-01 10:00:27,3759.52,0.654,buy,3759.4,6.68,3759.67,7.04
2024-06-01 10:00:28,3759.46,0.236,buy,3759.18,10.72,3759.72,5.79
2024-06-01 10:00:29,3759.44,0.852,buy,3759.21,9.51,3759.73,10.08
2024-06-01 10:00:30,3759.38,0.942,buy,3759.27,13.2,3759.5,11.22
2024-06-01 10:00:31,3759.56,0.223,sell,3759.33,8.44,3759.86,8.8
2024-06-01 10:00:32,3759.56,0.539,buy,3759.37,13.75,3759.66,10.3
2024-06-01 10:00:33,3759.45,0.333,buy,3759.16,13.12,3759.66,5.85
2024-06-01 10:00:34,3759.54,0.779,buy,3759.27,11.75,3759.79,12.7
2024-06-01 10:00:35,3759.41,0.749,sell,3759.28,7.59,3759.67,5.33
2024-06-01 10:00:36,3759.43,0.227,sell,3759.19,14.7,3759.68,11.34
2024-06-01 10:00:37,3759.24,0.889,sell,3759.04,10.49,3759.44,9.33
2024-06-01 10:00:38,3759.11,0.263,buy,3758.97,14.08,3759.34,6.84
2024-06-01 10:00:39,3759.13,0.818,buy,3758.89,7.16,3759.37,10.23
2024-06-01 10:00:40,3759.2,0.511,sell,3758.99,14.83,3759.4,12.81
2024-06-01 10:00:41,3759.22,0.395,sell,3759.11,13.16,3759.44,9.14
2024-06-01 10:00:42,3759.2,0.242,buy,3758.98,14.49,3759.47,8.68
2024-06-01 10:00:43,3759.17,0.251,sell,3758.95,7.12,3759.34,6.42
2024-06-01 10:00:44,3759.03,0.696,buy,3758.9,9.31,3759.23,10.95
2024-06-01 10:00:45,3758.95,0.595,sell,3758.79,5.98,3759.06,13.28
2024-06-01 10:00:46,3758.91,0.21,buy,3758.69,6.37,3759.15,10.61
2024-06-01 10:00:47,3759.01,0.201,buy,3758.89,7.84,3759.15,6.65
2024-06-01 10:00:48,3759.05,0.165,buy,3758.78,14.52,3759.25,11.61
2024-06-01 10:00:49,3758.87,0.769,sell,3758.77,11.67,3759.01,5.3
2024-06-01 10:00:50,3758.91,0.741,sell,3758.78,8.15,3759.01,13.38
2024-06-01 10:00:51,3758.87,0.153,buy,3758.74,14.55,3759.06,14.21
2024-06-01 10:00:52,3758.8,0.604,sell,3758.59,12.4,3758.98,10.97
2024-06-01 10:00:53,3758.86,0.176,buy,3758.64,14.07,3759.05,13.82
2024-06-01 10:00:54,3758.96,0.913,sell,3758.78,14.27,3759.1,5.85
2024-06-01 10:00:55,3759.06,0.916,sell,3758.9,12.51,3759.35,7.28
2024-06-01 10:00:56,3758.97,0.728,buy,3758.71,7.43,3759.07,8.17
2024-06-01 10:00:57,3758.94,0.934,sell,3758.83,14.97,3759.22,12.73
2024-06-01 10:00:58,3758.97,0.83,sell,3758.82,8.25,3759.22,9.84
2024-06-01 10:00:59,3759.07,0.846,buy,3758.96,11.72,3759.21,8.48
2024-06-01 10:01:00,3759.02,0.613,buy,3758.92,13.45,3759.22,6.58
2024-06-01 10:01:01,3759.01,0.375,buy,3758.83,6.75,3759.3,13.11
2024-06-01 10:01:02,3758.89,0.296,buy,3758.76,11.09,3759.12,5.21
2024-06-01 10:01:03,3758.78,0.394,sell,3758.62,8.75,3758.9,8.37
2024-06-01 10:01:04,3758.86,0.666,sell,3758.59,7.44,3759.05,7.43
2024-06-01 10:01:05,3758.99,0.255,buy,3758.86,5.12,3759.19,6.29
2024-06-01 10:01:06,3758.99,0.333,sell,3758.73,13.72,3759.25,6.72
2024-06-01 10:01:07,3759.09,0.521,buy,3758.85,6.36,3759.37,9.94
2024-06-01 10:01:08,3759.12,0.31,buy,3758.96,13.78,3759.24,9.26
2024-06-01 10:01:09,3759.06,0.63,buy,3758.85,11.01,3759.22,10.18
2024-06-01 10:01:10,3759.09,0.931,sell,3758.9,11.21,3759.25,12.28
2024-06-01 10:01:11,3759.25,0.773,sell,3759.12,13.29,3759.55,13.92
2024-06-01 10:01:12,3759.24,0.7,sell,3758.96,10.09,3759.46,6.18
2024-06-01 10:01:13,3759.4,0.624,buy,3759.19,8.57,3759.68,5.83
2024-06-01 10:01:14,3759.14,0.539,buy,3758.86,6.39,3759.32,8.2
2024-06-01 10:01:15,3759.22,0.268,sell,3758.96,10.7,3759.46,10.46
2024-06-01 10:01:16,3759.23,0.905,sell,3759.11,10.53,3759.39,6.0
2024-06-01 10:01:17,3759.2,0.324,sell,3759.06,7.94,3759.48,12.16
2024-06-01 10:01:18,3759.21,0.182,sell,3759.08,11.0,3759.4,10.56
2024-06-01 10:01:19,3759.01,0.775,buy,3758.74,9.39,3759.27,12.48
2024-06-01 10:01:20,3758.99,0.258,sell,3758.71,13.06,3759.14,8.58
2024-06-01 10:01:21,3759.02,0.435,sell,3758.82,10.59,3759.26,9.01
2024-06-01 10:01:22,3759.17,0.125,buy,3759.05,14.34,3759.35,13.08
2024-06-01 10:01:23,3759.12,0.223,sell,3758.99,10.18,3759.23,7.67
2024-06-01 10:01:24,3759.04,0.256,sell,3758.78,13.87,3759.22,8.81
2024-06-01 10:01:25,3758.99,0.149,sell,3758.7,10.21,3759.2,5.13
2024-06-01 10:01:26,3759.08,0.691,buy,3758.94,10.58,3759.21,10.55
2024-06-01 10:01:27,3759.11,0.853,buy,3759.01,8.67,3759.25,13.51
2024-06-01 10:01:28,3759.06,0.436,sell,3758.89,9.0,3759.25,5.28
2024-06-01 10:01:29,3759.11,0.887,buy,3759.0,14.33,3759.28,11.14
2024-06-01 10:01:30,3759.12,0.292,sell,3758.85,7.23,3759.31,13.45
2024-06-01 10:01:31,3759.22,0.393,sell,3759.02,6.21,3759.41,9.94
2024-06-01 10:01:32,3759.15,0.236,buy,3758.92,13.3,3759.28,8.13
2024-06-01 10:01:33,3759.11,0.659,sell,3758.93,10.77,3759.25,14.97
2024-06-01 10:01:34,3759.08,0.478,buy,3758.91,7.85,3759.34,5.65
2024-06-01 10:01:35,3758.93,0.652,buy,3758.78,9.32,3759.06,7.1
2024-06-01 10:01:36,3758.96,0.786,buy,3758.7,10.25,3759.19,13.85
2024-06-01 10:01:37,3758.98,0.591,sell,3758.75,10.92,3759.17,7.97
2024-06-01 10:01:38,3758.98,0.665,sell,3758.81,13.21,3759.28,13.2
2024-06-01 10:01:39,3758.96,0.942,sell,3758.8,8.94,3759.07,8.33
2024-06-01 10:01:40,3758.82,0.369,sell,3758.72,11.77,3759.09,13.12
2024-06-01 10:01:41,3758.78,0.423,buy,3758.67,13.35,3758.98,11.86
2024-06-01 10:01:42,3758.74,0.746,sell,3758.52,13.44,3758.84,9.69
2024-06-01 10:01:43,3758.66,0.65,sell,3758.46,7.54,3758.82,10.23
2024-06-01 10:01:44,3758.65,0.261,buy,3758.46,8.5,3758.83,6.78
2024-06-01 10:01:45,3758.69,0.439,buy,3758.42,10.95,3758.85,6.16
2024-06-01 10:01:46,3758.88,0.521,sell,3758.68,13.86,3759.05,12.17
2024-06-01 10:01:47,3758.89,0.477,buy,3758.72,12.9,3759.18,13.49
2024-06-01 10:01:48,3758.92,0.26,sell,3758.79,10.84,3759.09,12.22
2024-06-01 10:01:49,3758.91,0.932,sell,3758.65,14.84,3759.1,14.13
2024-06-01 10:01:50,3758.72,0.786,buy,3758.5,9.39,3758.97,13.9
2024-06-01 10:01:51,3758.72,0.533,buy,3758.6,13.42,3758.98,12.78
2024-06-01 10:01:52,3758.72,0.712,sell,3758.49,13.18,3758.84,13.98
2024-06-01 10:01:53,3758.97,0.908,sell,3758.78,14.08,3759.21,6.67
2024-06-01 10:01:54,3758.95,0.223,sell,3758.69,14.88,3759.15,12.31
2024-06-01 10:01:55,3758.98,0.325,sell,3758.7,9.96,3759.11,12.54
2024-06-01 10:01:56,3758.98,0.588,sell,3758.76,6.96,3759.13,6.54
2024-06-01 10:01:57,3758.86,0.819,buy,3758.61,9.61,3758.97,14.1
2024-06-01 10:01:58,3758.97,0.133,sell,3758.86,13.54,3759.15,5.09
2024-06-01 10:01:59,3759.05,0.986,buy,3758.84,13.36,3759.2,9.35
2024-06-01 10:02:00,3759.13,0.509,buy,3758.88,8.36,3759.31,5.21
2024-06-01 10:02:01,3759.04,0.423,buy,3758.84,5.47,3759.25,10.23
2024-06-01 10:02:02,3759.18,0.363,sell,3758.96,10.1,3759.42,9.12
2024-06-01 10:02:03,3759.04,0.257,sell,3758.76,9.74,3759.26,11.23
2024-06-01 10:02:04,3759.1,0.812,buy,3758.96,5.86,3759.33,12.66
2024-06-01 10:02:05,3759.32,0.96,buy,3759.2,12.95,3759.59,12.69
2024-06-01 10:02:06,3759.22,0.472,buy,3758.98,7.84,3759.49,12.22
2024-06-01 10:02:07,3759.16,0.957,buy,3758.9,11.46,3759.43,6.02
2024-06-01 10:02:08,3759.17,0.841,buy,3758.9,6.01,3759.3,9.17
2024-06-01 10:02:09,3759.12,0.533,sell,3758.89,13.61,3759.27,13.16
2024-06-01 10:02:10,3758.96,0.707,buy,3758.7,12.39,3759.17,11.54
2024-06-01 10:02:11,3758.97,0.491,sell,3758.73,8.88,3759.14,11.81
2024-06-01 10:02:12,3758.87,0.603,buy,3758.75,11.29,3758.99,7.27
2024-06-01 10:02:13,3758.91,0.152,buy,3758.66,6.87,3759.07,8.25
2024-06-01 10:02:14,3758.82,0.727,sell,3758.69,14.85,3759.12,14.56
2024-06-01 10:02:15,3758.98,0.148,sell,3758.83,12.96,3759.15,13.47
2024-06-01 10:02:16,3758.9,0.835,buy,3758.72,12.89,3759.08,6.65
2024-06-01 10:02:17,3758.87,0.842,sell,3758.7,6.53,3758.97,10.45
2024-06-01 10:02:18,3758.95,0.313,sell,3758.78,5.18,3759.19,9.91
2024-06-01 10:02:19,3758.82,0.391,buy,3758.69,10.85,3759.01,9.44
2024-06-01 10:02:20,3758.85,0.533,buy,3758.69,6.44,3758.97,9.71
2024-06-01 10:02:21,3758.98,0.637,buy,3758.87,12.8,3759.27,11.43
2024-06-01 10:02:22,3758.82,0.359,sell,3758.62,9.16,3759.07,14.67
2024-06-01 10:02:23,3758.83,0.633,buy,3758.58,8.39,3759.08,13.75
2024-06-01 10:02:24,3758.86,0.368,buy,3758.59,5.74,3759.15,13.75
2024-06-01 10:02:25,3758.94,0.15,sell,3758.67,14.96,3759.12,12.03
2024-06-01 10:02:26,3758.82,0.102,buy,3758.63,14.56,3759.06,5.18
2024-06-01 10:02:27,3758.68,0.191,sell,3758.44,6.32,3758.82,9.4
2024-06-01 10:02:28,3758.74,0.813,sell,3758.58,8.33,3758.97,10.11
2024-06-01 10:02:29,3758.77,0.965,buy,3758.65,8.91,3758.87,13.42
2024-06-01 10:02:30,3758.79,0.484,sell,3758.55,7.97,3758.92,14.23
2024-06-01 10:02:31,3758.82,0.561,sell,3758.6,14.34,3759.01,9.52
2024-06-01 10:02:32,3758.76,0.232,buy,3758.5,12.21,3758.86,8.0
2024-06-01 10:02:33,3758.78,0.596,sell,3758.56,14.56,3758.97,8.37
2024-06-01 10:02:34,3758.81,0.23,buy,3758.68,13.75,3759.01,10.79
2024-06-01 10:02:35,3758.74,0.65,buy,3758.47,12.55,3758.96,7.75
2024-06-01 10:02:36,3758.92,0.94,buy,3758.7,11.97,3759.04,14.11
2024-06-01 10:02:37,3758.97,0.276,buy,3758.71,13.66,3759.11,9.19
2024-06-01 10:02:38,3758.85,0.788,buy,3758.6,11.84,3759.08,14.9
2024-06-01 10:02:39,3758.92,0.121,sell,3758.76,6.89,3759.15,6.1
2024-06-01 10:02:40,3758.82,0.438,sell,3758.71,11.48,3758.93,6.88
2024-06-01 10:02:41,3758.9,0.2,sell,3758.76,10.15,3759.11,10.12
2024-06-01 10:02:42,3759.02,0.417,buy,3758.9,14.82,3759.27,13.68
2024-06-01 10:02:43,3758.93,0.256,buy,3758.78,10.1,3759.05,8.54
2024-06-01 10:02:44,3759.03,0.436,buy,3758.84,5.38,3759.21,13.37
2024-06-01 10:02:45,3759.07,0.476,buy,3758.79,7.64,3759.24,9.25
2024-06-01 10:02:46,3759.15,0.371,sell,3758.88,14.17,3759.44,13.53
2024-06-01 10:02:47,3759.34,0.691,sell,3759.1,14.62,3759.48,7.77
2024-06-01 10:02:48,3759.32,0.927,buy,3759.21,12.28,3759.48,9.72
2024-06-01 10:02:49,3759.24,0.461,buy,3759.07,5.57,3759.52,7.79
2024-06-01 10:02:50,3759.15,0.273,buy,3758.92,5.24,3759.32,7.15
2024-06-01 10:02:51,3759.07,0.344,sell,3758.95,9.8,3759.28,9.21
2024-06-01 10:02:52,3759.06,0.869,sell,3758.8,15.0,3759.17,8.35
2024-06-01 10:02:53,3759.1,0.614,buy,3758.82,13.69,3759.4,12.87
2024-06-01 10:02:54,3759.13,0.51,buy,3758.96,14.33,3759.39,12.48
2024-06-01 10:02:55,3759.21,0.235,sell,3758.97,11.24,3759.44,8.59
2024-06-01 10:02:56,3759.21,0.505,sell,3759.08,13.59,3759.32,14.92
2024-06-01 10:02:57,3759.36,0.351,buy,3759.12,8.2,3759.47,14.74
2024-06-01 10:02:58,3759.33,0.949,buy,3759.23,5.27,3759.54,14.18
2024-06-01 10:02:59,3759.6,0.896,buy,3759.47,14.18,3759.76,10.87
2024-06-01 10:03:00,3759.66,0.176,sell,3759.42,7.18,3759.89,9.12
2024-06-01 10:03:01,3759.58,0.565,buy,3759.34,12.28,3759.8,8.13
2024-06-01 10:03:02,3759.47,0.303,sell,3759.24,11.59,3759.74,5.15
2024-06-01 10:03:03,3759.52,0.47,buy,3759.32,6.58,3759.68,11.32
2024-06-01 10:03:04,3759.5,0.889,buy,3759.26,6.96,3759.71,10.53
2024-06-01 10:03:05,3759.57,0.575,buy,3759.31,8.29,3759.82,11.3
2024-06-01 10:03:06,3759.62,0.401,sell,3759.32,12.57,3759.81,10.76
2024-06-01 10:03:07,3759.61,0.287,buy,3759.33,5.39,3759.87,6.38
2024-06-01 10:03:08,3759.52,0.82,sell,3759.26,9.07,3759.65,11.95
2024-06-01 10:03:09,3759.37,0.662,buy,3759.13,11.65,3759.62,8.6
2024-06-01 10:03:10,3759.33,0.521,sell,3759.11,6.71,3759.62,10.16
2024-06-01 10:03:11,3759.41,0.296,buy,3759.29,6.19,3759.58,8.66
2024-06-01 10:03:12,3759.43,0.401,sell,3759.3,8.9,3759.61,5.22
2024-06-01 10:03:13,3759.31,0.964,buy,3759.05,7.87,3759.43,13.77
2024-06-01 10:03:14,3759.33,0.568,sell,3759.07,11.49,3759.56,6.49
2024-06-01 10:03:15,3759.37,0.461,sell,3759.14,14.7,3759.58,10.82
2024-06-01 10:03:16,3759.28,0.569,buy,3759.09,5.04,3759.39,13.83
2024-06-01 10:03:17,3759.29,0.801,sell,3759.19,14.02,3759.54,7.21
2024-06-01 10:03:18,3759.3,0.406,sell,3759.13,9.33,3759.56,9.12
2024-06-01 10:03:19,3759.18,0.261,buy,3759.0,11.64,3759.47,8.78
2024-06-01 10:03:20,3759.22,0.626,sell,3759.02,13.51,3759.43,5.89
2024-06-01 10:03:21,3759.28,0.699,buy,3758.99,10.73,3759.47,9.24
2024-06-01 10:03:22,3759.38,0.741,buy,3759.26,5.97,3759.66,9.79
2024-06-01 10:03:23,3759.49,0.894,sell,3759.29,6.41,3759.67,5.27
2024-06-01 10:03:24,3759.35,0.434,sell,3759.18,12.89,3759.58,9.88
2024-06-01 10:03:25,3759.26,0.168,sell,3758.96,7.29,3759.48,5.94
2024-06-01 10:03:26,3759.31,0.963,sell,3759.04,10.69,3759.48,13.92
2024-06-01 10:03:27,3759.36,0.492,sell,3759.17,9.28,3759.48,11.5
2024-06-01 10:03:28,3759.41,0.661,buy,3759.11,8.04,3759.52,5.56
2024-06-01 10:03:29,3759.8,0.7,buy,3759.6,12.87,3759.98,13.27
2024-06-01 10:03:30,3759.86,0.592,sell,3759.72,12.31,3760.05,8.62
2024-06-01 10:03:31,3759.97,0.285,sell,3759.76,11.46,3760.23,7.26
2024-06-01 10:03:32,3760.06,0.78,sell,3759.92,8.73,3760.25,7.54
2024-06-01 10:03:33,3760.13,0.823,sell,3759.9,7.26,3760.29,10.98
2024-06-01 10:03:34,3760.1,0.598,sell,3759.81,10.16,3760.29,5.82
2024-06-01 10:03:35,3760.17,0.54,buy,3759.92,13.17,3760.32,5.59
2024-06-01 10:03:36,3760.1,0.203,buy,3759.94,10.76,3760.21,11.28
2024-06-01 10:03:37,3760.07,0.176,buy,3759.91,14.7,3760.2,14.82
2024-06-01 10:03:38,3760.02,0.406,sell,3759.91,5.15,3760.19,9.83
2024-06-01 10:03:39,3760.03,0.38,sell,3759.88,14.98,3760.14,9.13
2024-06-01 10:03:40,3760.26,0.958,sell,3760.15,11.91,3760.41,14.47
2024-06-01 10:03:41,3760.08,0.805,buy,3759.88,13.33,3760.33,7.41
2024-06-01 10:03:42,3760.15,0.694,buy,3759.9,8.35,3760.29,7.41
2024-06-01 10:03:43,3759.98,0.566,buy,3759.73,10.08,3760.11,14.05
2024-06-01 10:03:44,3759.94,0.251,buy,3759.83,12.97,3760.23,11.47
2024-06-01 10:03:45,3760.05,0.981,sell,3759.88,12.61,3760.27,5.54
2024-06-01 10:03:46,3760.05,0.438,sell,3759.9,8.34,3760.16,11.74
2024-06-01 10:03:47,3759.94,0.196,sell,3759.82,8.24,3760.06,13.2
2024-06-01 10:03:48,3759.87,0.544,sell,3759.7,11.63,3760.1,7.74
2024-06-01 10:03:49,3759.94,0.887,sell,3759.78,14.34,3760.15,8.83
2024-06-01 10:03:50,3759.87,0.899,sell,3759.64,9.39,3759.98,6.98
2024-06-01 10:03:51,3759.89,0.11,buy,3759.61,8.53,3760.03,11.33
2024-06-01 10:03:52,3759.89,0.898,sell,3759.7,13.95,3760.18,11.64
2024-06-01 10:03:53,3759.83,0.344,sell,3759.58,11.83,3760.04,5.69
2024-06-01 10:03:54,3760.04,0.135,sell,3759.91,8.88,3760.23,11.78
2024-06-01 10:03:55,3760.11,0.863,sell,3759.83,5.57,3760.26,11.58
2024-06-01 10:03:56,3759.9,0.877,sell,3759.77,12.21,3760.03,5.35
2024-06-01 10:03:57,3759.92,0.637,sell,3759.78,8.53,3760.1,10.55
2024-06-01 10:03:58,3759.86,0.617,sell,3759.74,5.71,3760.14,11.14
2024-06-01 10:03:59,3759.94,0.832,sell,3759.78,11.12,3760.05,9.3
2024-06-01 10:04:00,3759.86,0.808,buy,3759.65,8.23,3760.16,14.01
2024-06-01 10:04:01,3759.85,0.901,buy,3759.55,8.38,3759.99,8.28
2024-06-01 10:04:02,3759.9,0.597,buy,3759.64,9.79,3760.08,5.67
2024-06-01 10:04:03,3759.99,0.971,sell,3759.81,12.17,3760.1,11.72
2024-06-01 10:04:04,3759.87,0.997,buy,3759.65,7.76,3760.09,11.05
2024-06-01 10:04:05,3759.84,0.205,sell,3759.61,5.81,3760.03,14.89
2024-06-01 10:04:06,3759.79,0.865,buy,3759.52,9.24,3760.02,7.31
2024-06-01 10:04:07,3759.72,0.55,buy,3759.48,5.55,3759.93,8.95
2024-06-01 10:04:08,3759.9,0.449,sell,3759.69,11.97,3760.08,9.61
2024-06-01 10:04:09,3759.94,0.652,sell,3759.71,14.59,3760.19,13.62
2024-06-01 10:04:10,3759.81,0.15,sell,3759.56,11.59,3759.92,9.15
2024-06-01 10:04:11,3759.91,0.556,sell,3759.78,7.75,3760.11,12.72
2024-06-01 10:04:12,3760.12,0.884,buy,3759.98,6.82,3760.24,6.57
2024-06-01 10:04:13,3760.22,0.292,buy,3759.98,7.33,3760.41,9.1
2024-06-01 10:04:14,3760.07,0.484,sell,3759.8,7.22,3760.33,6.55
2024-06-01 10:04:15,3760.02,0.946,buy,3759.84,8.14,3760.15,14.5
2024-06-01 10:04:16,3760.15,0.486,buy,3759.85,5.97,3760.43,6.78
2024-06-01 10:04:17,3760.08,0.423,buy,3759.93,13.96,3760.35,9.19
2024-06-01 10:04:18,3760.12,0.496,sell,3759.94,13.85,3760.3,5.82
2024-06-01 10:04:19,3760.2,0.568,sell,3760.02,11.15,3760.3,14.21
2024-06-01 10:04:20,3760.11,0.669,sell,3759.82,5.62,3760.36,11.24
2024-06-01 10:04:21,3760.1,0.821,buy,3759.94,13.04,3760.38,14.62
2024-06-01 10:04:22,3759.78,0.507,sell,3759.58,5.62,3759.91,5.42
2024-06-01 10:04:23,3759.67,0.836,sell,3759.54,6.06,3759.96,6.75
2024-06-01 10:04:24,3759.65,0.58,buy,3759.44,8.25,3759.93,8.8
2024-06-01 10:04:25,3759.52,0.405,sell,3759.25,9.31,3759.72,11.21
2024-06-01 10:04:26,3759.69,0.692,sell,3759.53,8.54,3759.95,8.3
2024-06-01 10:04:27,3759.54,0.746,sell,3759.28,6.65,3759.73,12.12
2024-06-01 10:04:28,3759.5,0.602,buy,3759.22,6.12,3759.71,6.65
2024-06-01 10:04:29,3759.51,0.151,sell,3759.4,13.59,3759.68,11.01
2024-06-01 10:04:30,3759.66,0.253,buy,3759.4,8.63,3759.79,8.98
2024-06-01 10:04:31,3759.51,0.357,buy,3759.36,7.19,3759.76,10.08
2024-06-01 10:04:32,3759.63,0.354,buy,3759.49,9.87,3759.73,10.7
2024-06-01 10:04:33,3759.63,0.706,buy,3759.41,5.37,3759.85,5.6
2024-06-01 10:04:34,3759.53,0.117,buy,3759.29,11.0,3759.8,14.24
2024-06-01 10:04:35,3759.58,0.78,buy,3759.4,7.48,3759.72,12.86
2024-06-01 10:04:36,3759.6,0.339,sell,3759.49,10.98,3759.76,9.42
2024-06-01 10:04:37,3759.54,0.379,sell,3759.26,11.14,3759.76,10.47
2024-06-01 10:04:38,3759.54,0.575,buy,3759.3,13.09,3759.69,5.33
2024-06-01 10:04:39,3759.51,0.294,buy,3759.35,7.3,3759.78,9.98
2024-06-01 10:04:40,3759.52,0.896,sell,3759.32,9.63,3759.69,9.26
2024-06-01 10:04:41,3759.58,0.177,sell,3759.48,14.62,3759.8,8.74
2024-06-01 10:04:42,3759.74,0.5,sell,3759.57,12.27,3759.89,13.15
2024-06-01 10:04:43,3759.62,0.864,buy,3759.41,14.75,3759.73,6.82
2024-06-01 10:04:44,3759.83,0.654,buy,3759.63,14.27,3759.97,6.76
2024-06-01 10:04:45,3759.64,0.363,sell,3759.5,11.11,3759.75,10.22
2024-06-01 10:04:46,3759.62,0.479,buy,3759.37,7.64,3759.82,11.87
2024-06-01 10:04:47,3759.68,0.736,buy,3759.52,12.57,3759.9,5.22
2024-06-01 10:04:48,3759.71,0.976,buy,3759.49,11.98,3759.82,10.46
2024-06-01 10:04:49,3759.65,0.904,buy,3759.49,10.89,3759.76,7.99
2024-06-01 10:04:50,3759.63,0.408,sell,3759.44,11.98,3759.82,12.57
2024-06-01 10:04:51,3759.58,0.998,buy,3759.43,11.14,3759.84,9.69
2024-06-01 10:04:52,3759.52,0.103,buy,3759.29,10.19,3759.74,13.34
2024-06-01 10:04:53,3759.6,0.125,buy,3759.42,9.16,3759.72,8.97
2024-06-01 10:04:54,3759.64,0.841,buy,3759.53,5.45,3759.92,13.27
2024-06-01 10:04:55,3759.57,0.28,sell,3759.46,13.66,3759.85,12.17
2024-06-01 10:04:56,3759.66,0.155,buy,3759.46,13.66,3759.82,13.28
2024-06-01 10:04:57,3759.69,0.313,buy,3759.55,10.94,3759.91,13.12
2024-06-01 10:04:58,3759.77,0.483,sell,3759.55,7.68,3759.97,9.86
2024-06-01 10:04:59,3759.83,0.758,buy,3759.65,5.28,3760.12,8.68
2024-06-01 10:05:00,3759.75,0.662,buy,3759.52,5.01,3759.95,12.65
2024-06-01 10:05:01,3759.69,0.314,buy,3759.4,5.73,3759.99,8.62
2024-06-01 10:05:02,3759.77,0.553,buy,3759.56,8.6,3759.91,5.89
2024-06-01 10:05:03,3759.83,0.934,sell,3759.57,6.88,3760.0,13.59
2024-06-01 10:05:04,3759.83,0.834,sell,3759.58,7.65,3760.08,8.97
2024-06-01 10:05:05,3759.84,0.391,sell,3759.56,12.0,3760.1,6.33
2024-06-01 10:05:06,3759.97,0.984,buy,3759.82,14.59,3760.21,11.46
2024-06-01 10:05:07,3759.91,0.738,buy,3759.64,7.07,3760.18,13.9
2024-06-01 10:05:08,3759.96,0.156,sell,3759.68,9.66,3760.2,13.61
2024-06-01 10:05:09,3759.94,0.132,sell,3759.76,14.91,3760.17,10.54
2024-06-01 10:05:10,3759.92,0.252,buy,3759.76,14.32,3760.11,5.88
2024-06-01 10:05:11,3760.03,0.755,buy,3759.74,8.52,3760.22,11.97
2024-06-01 10:05:12,3760.11,0.265,buy,3759.89,8.2,3760.3,11.09
2024-06-01 10:05:13,3760.2,0.56,buy,3760.02,7.42,3760.42,7.1
2024-06-01 10:05:14,3760.33,0.184,buy,3760.07,6.55,3760.51,14.01
2024-06-01 10:05:15,3760.33,0.929,buy,3760.17,9.6,3760.46,5.87
2024-06-01 10:05:16,3760.4,0.41,buy,3760.26,8.41,3760.52,8.73
2024-06-01 10:05:17,3760.36,0.917,buy,3760.16,12.45,3760.65,5.95
2024-06-01 10:05:18,3760.4,0.95,buy,3760.18,7.37,3760.5,14.12
2024-06-01 10:05:19,3760.38,0.106,buy,3760.12,12.36,3760.51,5.35
2024-06-01 10:05:20,3760.39,0.518,sell,3760.2,7.88,3760.58,9.26
2024-06-01 10:05:21,3760.45,0.122,buy,3760.19,10.93,3760.61,13.62
2024-06-01 10:05:22,3760.37,0.918,buy,3760.21,11.38,3760.55,7.51
2024-06-01 10:05:23,3760.58,0.567,buy,3760.37,11.72,3760.7,6.05
2024-06-01 10:05:24,3760.48,0.167,sell,3760.34,6.75,3760.61,6.27
2024-06-01 10:05:25,3760.36,0.199,buy,3760.18,7.83,3760.62,9.05
2024-06-01 10:05:26,3760.47,0.445,sell,3760.2,7.46,3760.73,9.29
2024-06-01 10:05:27,3760.55,0.946,buy,3760.41,10.76,3760.67,12.18
2024-06-01 10:05:28,3760.62,0.724,sell,3760.35,5.76,3760.85,7.38
2024-06-01 10:05:29,3760.68,0.881,sell,3760.52,10.18,3760.9,12.02
2024-06-01 10:05:30,3760.68,0.43,buy,3760.57,5.87,3760.92,14.99
2024-06-01 10:05:31,3760.59,0.139,sell,3760.47,8.37,3760.78,13.64
2024-06-01 10:05:32,3760.6,0.977,sell,3760.35,11.87,3760.75,11.36
2024-06-01 10:05:33,3760.53,0.115,buy,3760.38,9.13,3760.76,14.4
2024-06-01 10:05:34,3760.63,0.953,buy,3760.39,7.8,3760.8,14.91
2024-06-01 10:05:35,3760.61,0.432,buy,3760.37,11.16,3760.75,10.7
2024-06-01 10:05:36,3760.53,0.109,buy,3760.36,12.4,3760.71,7.74
2024-06-01 10:05:37,3760.5,0.72,buy,3760.3,7.55,3760.75,14.15
2024-06-01 10:05:38,3760.54,0.982,buy,3760.36,7.99,3760.73,13.44
2024-06-01 10:05:39,3760.48,0.969,sell,3760.19,11.4,3760.64,5.85
2024-06-01 10:05:40,3760.4,0.245,sell,3760.23,14.65,3760.67,14.36
2024-06-01 10:05:41,3760.42,0.263,buy,3760.29,7.14,3760.7,8.66
2024-06-01 10:05:42,3760.45,0.609,buy,3760.27,11.54,3760.63,8.22
2024-06-01 10:05:43,3760.4,0.674,buy,3760.16,14.07,3760.57,8.43
2024-06-01 10:05:44,3760.35,0.765,buy,3760.11,9.62,3760.57,8.2
2024-06-01 10:05:45,3760.37,0.263,sell,3760.09,8.17,3760.48,10.16
2024-06-01 10:05:46,3760.23,0.963,sell,3759.95,11.67,3760.47,10.8
2024-06-01 10:05:47,3760.09,0.675,buy,3759.93,5.31,3760.34,9.26
2024-06-01 10:05:48,3760.02,0.862,sell,3759.82,8.6,3760.2,9.13
2024-06-01 10:05:49,3759.99,0.586,sell,3759.74,7.58,3760.13,12.37
2024-06-01 10:05:50,3760.03,0.473,buy,3759.74,7.25,3760.13,5.03
2024-06-01 10:05:51,3760.17,0.979,buy,3760.01,6.8,3760.4,14.47
2024-06-01 10:05:52,3760.26,0.624,sell,3760.07,12.37,3760.41,12.14
2024-06-01 10:05:53,3760.24,0.88,buy,3759.96,14.55,3760.44,12.07
2024-06-01 10:05:54,3760.24,0.958,buy,3760.07,8.85,3760.42,9.22
2024-06-01 10:05:55,3760.14,0.708,buy,3759.94,5.49,3760.28,14.66
2024-06-01 10:05:56,3760.14,0.594,sell,3759.86,12.19,3760.34,5.0
2024-06-01 10:05:57,3760.11,0.103,sell,3759.85,10.38,3760.3,5.76
2024-06-01 10:05:58,3760.14,0.136,sell,3759.99,12.24,3760.37,13.04
2024-06-01 10:05:59,3760.06,0.281,sell,3759.89,11.48,3760.21,12.39
2024-06-01 10:06:00,3760.11,0.267,buy,3759.94,14.05,3760.25,7.71
2024-06-01 10:06:01,3760.26,0.329,buy,3759.98,6.4,3760.53,10.95
2024-06-01 10:06:02,3760.25,0.374,sell,3759.95,6.69,3760.49,10.32
2024-06-01 10:06:03,3760.29,0.424,sell,3760.04,8.42,3760.55,10.27
2024-06-01 10:06:04,3760.36,0.478,buy,3760.17,9.91,3760.49,10.96
2024-06-01 10:06:05,3760.32,0.189,sell,3760.22,14.26,3760.47,14.94
2024-06-01 10:06:06,3760.35,0.138,sell,3760.11,14.07,3760.56,14.87
2024-06-01 10:06:07,3760.35,0.707,sell,3760.17,13.72,3760.62,14.82
2024-06-01 10:06:08,3760.36,0.584,sell,3760.13,7.23,3760.63,10.49
2024-06-01 10:06:09,3760.28,0.5,sell,3760.06,12.3,3760.55,8.18
2024-06-01 10:06:10,3760.28,0.671,sell,3760.09,8.83,3760.39,10.6
2024-06-01 10:06:11,3760.33,0.845,sell,3760.04,14.31,3760.6,11.23
2024-06-01 10:06:12,3760.48,0.485,buy,3760.37,7.15,3760.76,8.11
2024-06-01 10:06:13,3760.57,0.677,buy,3760.33,6.41,3760.68,11.33
2024-06-01 10:06:14,3760.79,0.958,buy,3760.61,13.42,3760.97,11.22
2024-06-01 10:06:15,3760.71,0.856,sell,3760.47,12.17,3760.92,14.03
2024-06-01 10:06:16,3760.8,0.483,buy,3760.56,13.21,3760.94,7.38
2024-06-01 10:06:17,3760.82,0.68,buy,3760.71,6.58,3761.02,11.98
2024-06-01 10:06:18,3761.04,0.259,buy,3760.88,13.85,3761.31,9.51
2024-06-01 10:06:19,3760.95,0.604,buy,3760.82,11.78,3761.23,6.3
2024-06-01 10:06:20,3760.87,0.983,sell,3760.74,11.52,3761.16,8.16
2024-06-01 10:06:21,3760.81,0.566,buy,3760.57,10.83,3761.01,5.57
2024-06-01 10:06:22,3760.6,0.935,buy,3760.45,12.65,3760.78,8.19
2024-06-01 10:06:23,3760.55,0.467,buy,3760.35,9.16,3760.78,5.69
2024-06-01 10:06:24,3760.47,0.999,buy,3760.32,6.33,3760.65,14.25
2024-06-01 10:06:25,3760.48,0.621,sell,3760.27,10.39,3760.59,6.02
2024-06-01 10:06:26,3760.52,0.138,sell,3760.27,12.48,3760.76,13.17
2024-06-01 10:06:27,3760.71,0.628,buy,3760.54,6.54,3760.86,14.06
2024-06-01 10:06:28,3760.8,0.347,buy,3760.58,7.24,3760.91,9.68
2024-06-01 10:06:29,3760.74,0.129,buy,3760.48,11.97,3760.85,5.54
2024-06-01 10:06:30,3760.65,0.839,buy,3760.54,7.7,3760.94,10.96
2024-06-01 10:06:31,3760.7,0.348,sell,3760.46,6.7,3760.85,7.35
2024-06-01 10:06:32,3760.57,0.817,sell,3760.41,13.89,3760.76,6.77
2024-06-01 10:06:33,3760.75,0.359,buy,3760.63,6.61,3761.04,10.67
2024-06-01 10:06:34,3760.87,0.275,sell,3760.66,8.44,3761.07,8.56
2024-06-01 10:06:35,3760.83,0.977,sell,3760.68,9.28,3760.94,12.3
2024-06-01 10:06:36,3760.65,0.425,buy,3760.39,9.76,3760.86,10.91
2024-06-01 10:06:37,3760.79,0.641,buy,3760.68,8.61,3760.91,13.29
2024-06-01 10:06:38,3760.78,0.649,sell,3760.66,14.13,3760.9,5.58
2024-06-01 10:06:39,3760.9,0.604,sell,3760.7,11.59,3761.17,7.35
2024-06-01 10:06:40,3760.74,0.923,sell,3760.52,8.59,3760.9,10.67
2024-06-01 10:06:41,3760.68,0.707,buy,3760.44,8.58,3760.92,13.8
2024-06-01 10:06:42,3760.68,0.463,buy,3760.53,10.03,3760.88,13.13
2024-06-01 10:06:43,3760.69,0.876,buy,3760.42,5.34,3760.83,11.8
2024-06-01 10:06:44,3760.64,0.263,buy,3760.35,14.27,3760.85,10.74
2024-06-01 10:06:45,3760.71,0.59,sell,3760.51,7.23,3760.82,11.31
2024-06-01 10:06:46,3760.6,0.955,buy,3760.35,11.98,3760.77,7.14
2024-06-01 10:06:47,3760.58,0.663,sell,3760.38,12.78,3760.79,10.95
2024-06-01 10:06:48,3760.6,0.835,sell,3760.48,13.27,3760.74,9.94
2024-06-01 10:06:49,3760.65,0.688,sell,3760.48,6.66,3760.88,8.84
2024-06-01 10:06:50,3760.72,0.855,sell,3760.6,10.37,3760.83,13.88
2024-06-01 10:06:51,3760.61,0.95,buy,3760.31,5.84,3760.8,13.29
2024-06-01 10:06:52,3760.45,0.346,sell,3760.31,13.05,3760.7,5.77
2024-06-01 10:06:53,3760.58,0.253,sell,3760.35,9.86,3760.77,14.86
2024-06-01 10:06:54,3760.61,0.536,buy,3760.46,6.58,3760.89,7.3
2024-06-01 10:06:55,3760.54,0.732,sell,3760.31,12.19,3760.77,7.15
2024-06-01 10:06:56,3760.69,0.304,buy,3760.55,8.31,3760.99,14.44
2024-06-01 10:06:57,3760.71,0.104,buy,3760.45,6.15,3760.86,9.45
2024-06-01 10:06:58,3760.82,0.409,buy,3760.7,9.61,3761.11,13.05
2024-06-01 10:06:59,3760.83,0.972,buy,3760.55,7.35,3761.05,7.88
2024-06-01 10:07:00,3761.04,0.725,sell,3760.77,14.5,3761.29,13.73
2024-06-01 10:07:01,3761.21,0.461,buy,3760.98,8.61,3761.49,13.32
2024-06-01 10:07:02,3761.19,0.273,sell,3761.07,10.72,3761.4,10.19
2024-06-01 10:07:03,3761.28,0.42,sell,3761.14,14.48,3761.56,12.05
2024-06-01 10:07:04,3761.35,0.253,buy,3761.08,8.94,3761.56,14.64
2024-06-01 10:07:05,3761.49,0.196,sell,3761.36,8.58,3761.71,9.52
2024-06-01 10:07:06,3761.39,0.916,sell,3761.26,6.62,3761.58,9.94
2024-06-01 10:07:07,3761.46,0.998,sell,3761.25,14.38,3761.59,12.23
2024-06-01 10:07:08,3761.56,0.248,buy,3761.41,13.01,3761.77,8.86
2024-06-01 10:07:09,3761.39,0.149,sell,3761.24,7.21,3761.68,14.61
2024-06-01 10:07:10,3761.27,0.397,buy,3761.05,8.33,3761.53,5.4
2024-06-01 10:07:11,3761.07,0.515,buy,3760.89,14.15,3761.31,9.03
2024-06-01 10:07:12,3761.04,0.284,buy,3760.91,10.37,3761.27,12.14
2024-06-01 10:07:13,3761.11,0.371,sell,3760.9,10.56,3761.28,9.29
2024-06-01 10:07:14,3761.26,0.281,sell,3761.08,11.48,3761.39,7.59
2024-06-01 10:07:15,3761.27,0.797,sell,3761.02,12.62,3761.41,9.13
2024-06-01 10:07:16,3761.43,0.741,buy,3761.31,14.39,3761.53,13.82
2024-06-01 10:07:17,3761.29,0.671,sell,3761.07,13.02,3761.53,10.47
2024-06-01 10:07:18,3761.12,0.448,buy,3760.94,14.35,3761.38,8.35
2024-06-01 10:07:19,3761.12,0.918,buy,3760.94,13.21,3761.27,11.72
2024-06-01 10:07:20,3761.16,0.973,sell,3761.01,5.46,3761.27,11.12
2024-06-01 10:07:21,3761.15,0.256,sell,3761.05,6.18,3761.32,10.6
2024-06-01 10:07:22,3760.95,0.301,buy,3760.68,13.85,3761.1,8.91
2024-06-01 10:07:23,3760.94,0.573,buy,3760.77,5.28,3761.13,5.72
2024-06-01 10:07:24,3760.81,0.182,sell,3760.57,12.94,3760.96,11.21
2024-06-01 10:07:25,3760.87,0.493,sell,3760.58,13.5,3761.04,9.2
2024-06-01 10:07:26,3760.91,0.624,sell,3760.7,9.15,3761.19,9.29
2024-06-01 10:07:27,3760.82,0.57,buy,3760.64,8.55,3760.98,7.34
2024-06-01 10:07:28,3760.76,0.398,sell,3760.61,6.94,3761.02,7.49
2024-06-01 10:07:29,3760.66,0.588,sell,3760.37,5.49,3760.88,12.87
2024-06-01 10:07:30,3760.65,0.963,buy,3760.42,12.45,3760.82,9.79
2024-06-01 10:07:31,3760.75,0.285,buy,3760.51,5.74,3761.01,6.09
2024-06-01 10:07:32,3760.65,0.689,sell,3760.46,14.45,3760.87,5.46
2024-06-01 10:07:33,3760.7,0.139,sell,3760.43,7.97,3760.8,7.25
2024-06-01 10:07:34,3760.65,0.16,sell,3760.4,12.94,3760.76,9.87
2024-06-01 10:07:35,3760.57,0.597,buy,3760.41,5.6,3760.82,11.17
2024-06-01 10:07:36,3760.56,0.194,sell,3760.34,10.36,3760.75,6.44
2024-06-01 10:07:37,3760.45,0.12,buy,3760.27,8.49,3760.63,9.34
2024-06-01 10:07:38,3760.4,0.254,sell,3760.3,5.3,3760.53,5.73
2024-06-01 10:07:39,3760.28,0.608,buy,3760.02,11.56,3760.41,5.38
2024-06-01 10:07:40,3760.47,0.733,sell,3760.35,14.43,3760.73,13.63
2024-06-01 10:07:41,3760.48,0.282,sell,3760.28,5.11,3760.74,11.58
2024-06-01 10:07:42,3760.41,0.701,sell,3760.24,7.7,3760.62,12.81
2024-06-01 10:07:43,3760.43,0.264,buy,3760.26,12.04,3760.59,6.82
2024-06-01 10:07:44,3760.42,0.652,buy,3760.22,13.71,3760.7,8.22
2024-06-01 10:07:45,3760.4,0.471,buy,3760.1,6.91,3760.62,9.44
2024-06-01 10:07:46,3760.46,0.688,buy,3760.28,5.71,3760.72,11.58
2024-06-01 10:07:47,3760.53,0.996,sell,3760.4,5.09,3760.63,10.35
2024-06-01 10:07:48,3760.48,0.944,buy,3760.26,7.15,3760.67,10.51
2024-06-01 10:07:49,3760.42,0.104,buy,3760.27,5.71,3760.7,6.57
2024-06-01 10:07:50,3760.39,0.897,sell,3760.27,8.59,3760.56,9.75
2024-06-01 10:07:51,3760.16,0.16,buy,3760.05,9.4,3760.41,13.24
2024-06-01 10:07:52,3760.01,0.958,sell,3759.91,9.8,3760.24,10.09
2024-06-01 10:07:53,3760.15,0.354,buy,3759.96,6.42,3760.28,7.0
2024-06-01 10:07:54,3760.31,0.444,buy,3760.13,9.64,3760.57,9.13
2024-06-01 10:07:55,3760.29,0.182,sell,3760.15,5.09,3760.41,12.55
2024-06-01 10:07:56,3760.35,0.201,sell,3760.09,7.39,3760.59,6.35
2024-06-01 10:07:57,3760.38,0.754,sell,3760.25,8.69,3760.68,10.8
2024-06-01 10:07:58,3760.69,0.95,sell,3760.4,6.18,3760.98,14.65
2024-06-01 10:07:59,3760.8,0.65,buy,3760.58,13.14,3761.06,8.8
2024-06-01 10:08:00,3760.79,0.744,buy,3760.68,7.01,3760.99,5.44
2024-06-01 10:08:01,3760.69,0.786,sell,3760.4,12.55,3760.92,11.33
2024-06-01 10:08:02,3760.53,0.337,sell,3760.37,9.74,3760.77,5.47
2024-06-01 10:08:03,3760.55,0.141,buy,3760.36,9.8,3760.65,6.92
2024-06-01 10:08:04,3760.47,0.102,sell,3760.32,11.45,3760.59,5.48
2024-06-01 10:08:05,3760.33,0.416,buy,3760.09,5.44,3760.55,6.71
2024-06-01 10:08:06,3760.27,0.317,sell,3760.07,5.79,3760.37,13.55
2024-06-01 10:08:07,3760.16,0.156,sell,3760.03,8.27,3760.44,12.35
2024-06-01 10:08:08,3760.33,0.262,sell,3760.21,9.17,3760.53,8.42
2024-06-01 10:08:09,3760.42,0.212,sell,3760.17,9.3,3760.57,13.97
2024-06-01 10:08:10,3760.41,0.923,buy,3760.27,11.77,3760.59,11.65
2024-06-01 10:08:11,3760.56,0.226,sell,3760.44,5.01,3760.83,9.48
2024-06-01 10:08:12,3760.57,0.584,buy,3760.37,14.59,3760.86,5.68
2024-06-01 10:08:13,3760.48,0.634,sell,3760.22,6.74,3760.61,12.31
2024-06-01 10:08:14,3760.64,0.589,sell,3760.48,7.49,3760.89,8.76
2024-06-01 10:08:15,3760.69,0.189,buy,3760.54,14.06,3760.91,8.03
2024-06-01 10:08:16,3760.59,0.387,sell,3760.32,5.05,3760.8,7.88
2024-06-01 10:08:17,3760.57,0.146,buy,3760.44,14.91,3760.82,5.08
2024-06-01 10:08:18,3760.48,0.456,sell,3760.26,5.36,3760.62,12.43
2024-06-01 10:08:19,3760.34,0.27,buy,3760.05,6.21,3760.55,6.45
2024-06-01 10:08:20,3760.43,0.605,sell,3760.17,7.4,3760.6,10.21
2024-06-01 10:08:21,3760.63,0.724,sell,3760.51,9.39,3760.74,5.16
2024-06-01 10:08:22,3760.49,0.579,sell,3760.32,10.18,3760.61,11.28
2024-06-01 10:08:23,3760.54,0.491,sell,3760.41,6.05,3760.67,8.69
2024-06-01 10:08:24,3760.48,0.449,sell,3760.19,5.74,3760.7,11.31
2024-06-01 10:08:25,3760.43,0.858,buy,3760.13,5.32,3760.55,5.9
2024-06-01 10:08:26,3760.37,0.297,buy,3760.22,7.57,3760.58,7.66
2024-06-01 10:08:27,3760.28,0.761,buy,3760.05,14.22,3760.5,6.1
2024-06-01 10:08:28,3760.29,0.782,sell,3760.02,8.9,3760.57,11.46
2024-06-01 10:08:29,3760.2,0.477,sell,3760.06,12.64,3760.43,6.09
2024-06-01 10:08:30,3760.23,0.368,sell,3760.09,6.9,3760.53,11.17
2024-06-01 10:08:31,3760.23,0.523,buy,3760.12,5.65,3760.33,6.35
2024-06-01 10:08:32,3760.2,0.184,buy,3760.02,10.54,3760.44,14.43
2024-06-01 10:08:33,3760.11,0.141,buy,3759.83,13.22,3760.22,9.16
2024-06-01 10:08:34,3760.05,0.2,sell,3759.77,13.98,3760.3,6.27
2024-06-01 10:08:35,3760.13,0.268,sell,3760.0,10.46,3760.31,5.42
2024-06-01 10:08:36,3760.18,0.554,buy,3760.04,7.94,3760.4,8.29
2024-06-01 10:08:37,3760.08,0.864,buy,3759.9,6.1,3760.24,13.91
2024-06-01 10:08:38,3760.09,0.312,buy,3759.84,11.68,3760.22,6.44
2024-06-01 10:08:39,3760.17,0.942,buy,3759.94,7.8,3760.41,12.91
2024-06-01 10:08:40,3760.0,0.959,sell,3759.8,13.44,3760.28,9.17
2024-06-01 10:08:41,3760.05,0.963,buy,3759.84,11.05,3760.19,13.03
2024-06-01 10:08:42,3759.99,0.854,sell,3759.87,13.59,3760.27,13.74
2024-06-01 10:08:43,3760.05,0.427,sell,3759.85,10.67,3760.17,14.98
2024-06-01 10:08:44,3759.97,0.165,sell,3759.67,12.72,3760.22,5.68
2024-06-01 10:08:45,3759.79,0.612,sell,3759.67,7.94,3760.08,12.96
2024-06-01 10:08:46,3759.63,0.603,sell,3759.42,10.03,3759.75,5.7
2024-06-01 10:08:47,3759.63,0.865,sell,3759.47,5.19,3759.82,8.15
2024-06-01 10:08:48,3759.66,0.996,buy,3759.45,11.08,3759.82,11.46
2024-06-01 10:08:49,3759.57,0.557,buy,3759.35,10.34,3759.74,9.47
2024-06-01 10:08:50,3759.63,0.411,buy,3759.41,12.55,3759.88,10.65
2024-06-01 10:08:51,3759.46,0.267,buy,3759.19,12.29,3759.7,14.66
2024-06-01 10:08:52,3759.46,0.104,sell,3759.28,11.28,3759.75,13.19
2024-06-01 10:08:53,3759.34,0.558,buy,3759.13,5.57,3759.47,8.64
2024-06-01 10:08:54,3759.27,0.6,sell,3759.17,14.03,3759.48,11.0
2024-06-01 10:08:55,3759.28,0.842,buy,3759.02,5.18,3759.47,5.48
2024-06-01 10:08:56,3759.19,0.554,buy,3759.04,13.03,3759.47,9.53
2024-06-01 10:08:57,3759.15,0.925,sell,3758.89,9.79,3759.25,11.08
2024-06-01 10:08:58,3759.25,0.665,sell,3759.1,13.18,3759.55,12.15
2024-06-01 10:08:59,3759.19,0.856,buy,3759.09,9.65,3759.39,14.02
2024-06-01 10:09:00,3759.28,0.233,buy,3759.15,11.47,3759.5,7.83
2024-06-01 10:09:01,3759.16,0.87,sell,3758.87,8.63,3759.34,14.02
2024-06-01 10:09:02,3759.22,0.708,sell,3759.05,12.44,3759.49,11.62
2024-06-01 10:09:03,3759.36,0.253,sell,3759.24,7.54,3759.57,5.78
2024-06-01 10:09:04,3759.11,0.271,sell,3758.99,12.19,3759.35,8.8
2024-06-01 10:09:05,3759.03,0.934,sell,3758.87,6.93,3759.26,9.77
2024-06-01 10:09:06,3759.09,0.129,sell,3758.98,12.22,3759.27,8.52
2024-06-01 10:09:07,3759.07,0.516,sell,3758.87,7.94,3759.19,6.16
2024-06-01 10:09:08,3759.11,0.382,sell,3758.97,7.79,3759.37,10.52
2024-06-01 10:09:09,3759.05,0.699,sell,3758.84,13.11,3759.21,6.32
2024-06-01 10:09:10,3759.06,0.856,sell,3758.93,13.14,3759.33,14.15
2024-06-01 10:09:11,3759.04,0.424,buy,3758.86,11.91,3759.26,13.65
2024-06-01 10:09:12,3759.16,0.484,sell,3758.94,14.24,3759.33,9.75
2024-06-01 10:09:13,3759.18,0.984,sell,3759.07,6.56,3759.4,5.68
2024-06-01 10:09:14,3759.22,0.806,buy,3759.04,7.69,3759.45,10.52
2024-06-01 10:09:15,3759.18,0.907,sell,3759.02,7.94,3759.42,10.92
2024-06-01 10:09:16,3759.13,0.495,buy,3758.98,8.05,3759.39,13.88
2024-06-01 10:09:17,3759.08,0.311,sell,3758.86,8.28,3759.22,5.68
2024-06-01 10:09:18,3759.12,0.471,buy,3758.91,11.97,3759.41,11.92
2024-06-01 10:09:19,3759.08,0.744,sell,3758.86,7.71,3759.26,10.63
2024-06-01 10:09:20,3759.11,0.198,buy,3758.98,7.86,3759.38,6.75
2024-06-01 10:09:21,3759.32,0.343,buy,3759.16,10.7,3759.46,6.22
2024-06-01 10:09:22,3759.41,0.142,sell,3759.26,6.93,3759.51,11.94
2024-06-01 10:09:23,3759.37,0.489,sell,3759.16,8.65,3759.59,8.4
2024-06-01 10:09:24,3759.49,0.845,buy,3759.3,5.58,3759.66,15.0
2024-06-01 10:09:25,3759.45,0.122,buy,3759.29,14.53,3759.75,13.94
2024-06-01 10:09:26,3759.25,0.708,buy,3758.99,8.17,3759.37,10.66
2024-06-01 10:09:27,3759.15,0.939,sell,3759.03,13.5,3759.26,11.42
2024-06-01 10:09:28,3758.96,0.313,buy,3758.67,10.3,3759.07,6.59
2024-06-01 10:09:29,3758.93,0.724,buy,3758.8,7.28,3759.07,13.94
2024-06-01 10:09:30,3758.93,0.978,buy,3758.67,6.93,3759.14,9.59
2024-06-01 10:09:31,3759.1,0.966,buy,3758.92,11.95,3759.3,10.21
2024-06-01 10:09:32,3759.13,0.311,sell,3758.85,14.65,3759.3,13.73
2024-06-01 10:09:33,3759.11,0.19,sell,3758.99,6.83,3759.22,5.06
2024-06-01 10:09:34,3759.19,0.233,buy,3759.01,6.15,3759.34,9.94
2024-06-01 10:09:35,3758.97,0.732,sell,3758.8,8.87,3759.1,11.27
2024-06-01 10:09:36,3758.99,0.753,sell,3758.69,8.94,3759.24,6.59
2024-06-01 10:09:37,3759.07,0.707,buy,3758.77,13.06,3759.32,5.68
2024-06-01 10:09:38,3758.92,0.402,buy,3758.78,9.69,3759.18,10.35
2024-06-01 10:09:39,3759.03,0.253,sell,3758.81,5.62,3759.33,10.48
2024-06-01 10:09:40,3759.07,0.623,sell,3758.86,14.21,3759.35,8.3
2024-06-01 10:09:41,3759.03,0.535,buy,3758.9,8.73,3759.23,13.82
2024-06-01 10:09:42,3759.09,0.756,buy,3758.96,11.69,3759.27,8.01
2024-06-01 10:09:43,3759.32,0.497,buy,3759.02,11.67,3759.6,10.16
2024-06-01 10:09:44,3759.34,0.405,buy,3759.15,5.56,3759.56,6.87
2024-06-01 10:09:45,3759.36,0.364,buy,3759.24,5.04,3759.52,5.11
2024-06-01 10:09:46,3759.31,0.29,sell,3759.17,5.88,3759.53,9.26
2024-06-01 10:09:47,3759.23,0.339,buy,3759.08,14.57,3759.53,10.27
2024-06-01 10:09:48,3759.31,0.185,buy,3759.11,12.94,3759.58,12.65
2024-06-01 10:09:49,3759.23,0.412,buy,3759.06,6.32,3759.38,9.49
2024-06-01 10:09:50,3759.23,0.133,buy,3759.04,11.15,3759.52,7.79
2024-06-01 10:09:51,3759.19,0.268,sell,3759.05,11.12,3759.48,11.04
2024-06-01 10:09:52,3759.23,0.772,sell,3759.07,5.01,3759.38,8.81
2024-06-01 10:09:53,3759.27,0.393,sell,3759.15,9.29,3759.55,7.33
2024-06-01 10:09:54,3759.37,0.701,sell,3759.09,12.12,3759.65,14.1
2024-06-01 10:09:55,3759.32,0.745,sell,3759.18,6.87,3759.43,10.37
2024-06-01 10:09:56,3759.29,0.623,sell,3759.04,13.51,3759.53,7.0
2024-06-01 10:09:57,3759.2,0.963,buy,3759.03,11.6,3759.36,11.71
2024-06-01 10:09:58,3759.15,0.119,buy,3758.96,5.07,3759.39,13.03
2024-06-01 10:09:59,3759.19,0.765,buy,3759.03,13.55,3759.47,12.59
2024-06-01 10:10:00,3759.26,0.963,sell,3759.03,5.19,3759.46,11.0
2024-06-01 10:10:01,3759.17,0.876,sell,3758.9,13.88,3759.36,10.2
2024-06-01 10:10:02,3759.26,0.251,sell,3759.1,8.34,3759.54,12.77
2024-06-01 10:10:03,3759.39,0.394,buy,3759.25,11.99,3759.69,12.08
2024-06-01 10:10:04,3759.44,0.255,sell,3759.2,12.87,3759.55,10.71
2024-06-01 10:10:05,3759.62,0.641,buy,3759.48,7.81,3759.91,11.58
2024-06-01 10:10:06,3759.55,0.741,sell,3759.32,8.56,3759.66,6.69
2024-06-01 10:10:07,3759.42,0.385,buy,3759.3,10.1,3759.59,5.2
2024-06-01 10:10:08,3759.24,0.586,sell,3759.02,10.83,3759.5,14.31
2024-06-01 10:10:09,3759.39,0.722,buy,3759.19,7.92,3759.65,14.35
2024-06-01 10:10:10,3759.46,0.479,buy,3759.34,14.92,3759.7,12.88
2024-06-01 10:10:11,3759.45,0.869,sell,3759.22,12.37,3759.56,8.72
2024-06-01 10:10:12,3759.48,0.794,sell,3759.29,7.74,3759.61,6.51
2024-06-01 10:10:13,3759.37,0.158,buy,3759.23,11.4,3759.66,8.57
2024-06-01 10:10:14,3759.61,0.659,sell,3759.44,9.35,3759.73,12.26
2024-06-01 10:10:15,3759.63,0.312,sell,3759.43,13.6,3759.74,8.35
2024-06-01 10:10:16,3759.64,0.602,buy,3759.52,8.29,3759.9,12.96
2024-06-01 10:10:17,3759.71,0.961,buy,3759.42,6.88,3759.94,11.73
2024-06-01 10:10:18,3759.76,0.891,buy,3759.53,5.46,3759.93,11.3
2024-06-01 10:10:19,3759.78,0.464,sell,3759.66,14.84,3759.91,14.3
2024-06-01 10:10:20,3759.7,0.362,buy,3759.44,8.59,3759.98,13.93
2024-06-01 10:10:21,3759.75,0.311,sell,3759.58,7.21,3760.05,12.12
2024-06-01 10:10:22,3759.94,0.579,sell,3759.72,9.92,3760.05,6.99
2024-06-01 10:10:23,3760.07,0.203,buy,3759.92,7.92,3760.28,14.39
2024-06-01 10:10:24,3760.23,0.594,sell,3759.98,7.33,3760.38,7.27
2024-06-01 10:10:25,3760.18,0.101,sell,3759.94,11.16,3760.45,8.73
2024-06-01 10:10:26,3760.08,0.391,buy,3759.87,5.75,3760.25,13.27
2024-06-01 10:10:27,3760.07,0.298,buy,3759.92,10.09,3760.31,7.09
2024-06-01 10:10:28,3760.07,0.974,sell,3759.92,8.87,3760.28,11.39
2024-06-01 10:10:29,3760.18,0.755,buy,3760.01,10.33,3760.39,9.58
2024-06-01 10:10:30,3760.01,0.415,buy,3759.88,8.2,3760.29,11.24
2024-06-01 10:10:31,3760.17,0.184,sell,3760.0,10.7,3760.36,14.58
2024-06-01 10:10:32,3760.15,0.565,buy,3759.91,5.82,3760.42,13.08
2024-06-01 10:10:33,3760.11,0.292,buy,3759.84,8.76,3760.28,7.96
2024-06-01 10:10:34,3760.01,0.583,sell,3759.84,7.37,3760.14,5.57
2024-06-01 10:10:35,3759.84,0.852,sell,3759.69,9.38,3760.03,14.67
2024-06-01 10:10:36,3759.92,0.654,sell,3759.66,8.98,3760.12,10.85
2024-06-01 10:10:37,3759.93,0.67,buy,3759.65,11.31,3760.13,6.73
2024-06-01 10:10:38,3759.8,0.587,buy,3759.62,11.29,3760.06,11.27
2024-06-01 10:10:39,3759.67,0.935,sell,3759.57,9.13,3759.89,5.42
2024-06-01 10:10:40,3759.64,0.939,buy,3759.4,6.82,3759.92,6.88
2024-06-01 10:10:41,3759.81,0.561,buy,3759.55,10.82,3760.01,11.33
2024-06-01 10:10:42,3759.78,0.375,buy,3759.68,14.67,3759.93,9.02
2024-06-01 10:10:43,3759.63,0.514,buy,3759.41,6.85,3759.76,8.25
2024-06-01 10:10:44,3759.61,0.268,sell,3759.39,5.69,3759.88,11.55
2024-06-01 10:10:45,3759.58,0.673,sell,3759.4,7.65,3759.69,13.66
2024-06-01 10:10:46,3759.31,0.55,buy,3759.06,9.13,3759.43,11.79
2024-06-01 10:10:47,3759.3,0.193,buy,3759.12,8.06,3759.42,9.63
2024-06-01 10:10:48,3759.28,0.278,buy,3759.04,13.35,3759.46,11.59
2024-06-01 10:10:49,3759.35,0.532,sell,3759.15,9.93,3759.56,11.96
2024-06-01 10:10:50,3759.53,0.899,sell,3759.38,7.46,3759.64,12.75
2024-06-01 10:10:51,3759.65,0.61,sell,3759.43,14.5,3759.85,8.07
2024-06-01 10:10:52,3759.62,0.713,sell,3759.37,6.25,3759.8,6.14
2024-06-01 10:10:53,3759.51,0.405,sell,3759.21,6.23,3759.76,11.82
2024-06-01 10:10:54,3759.77,0.614,buy,3759.59,7.45,3760.03,6.21
2024-06-01 10:10:55,3759.77,0.503,buy,3759.66,5.77,3760.01,9.62
2024-06-01 10:10:56,3759.77,0.693,sell,3759.48,12.52,3759.97,7.31
2024-06-01 10:10:57,3759.77,0.146,sell,3759.55,8.13,3759.91,8.32
2024-06-01 10:10:58,3759.79,0.544,buy,3759.5,12.3,3760.06,9.71
2024-06-01 10:10:59,3759.78,0.366,sell,3759.66,12.63,3759.95,13.96
2024-06-01 10:11:00,3759.72,0.394,buy,3759.55,7.38,3759.89,11.8
2024-06-01 10:11:01,3759.66,0.965,sell,3759.54,10.18,3759.95,6.72
2024-06-01 10:11:02,3759.66,0.264,buy,3759.39,10.2,3759.96,13.79
2024-06-01 10:11:03,3759.61,0.38,sell,3759.33,13.71,3759.89,10.01
2024-06-01 10:11:04,3759.54,0.559,buy,3759.34,5.26,3759.84,7.04
2024-06-01 10:11:05,3759.55,0.877,buy,3759.41,8.17,3759.82,10.27
2024-06-01 10:11:06,3759.52,0.475,sell,3759.4,13.82,3759.76,6.91
2024-06-01 10:11:07,3759.67,0.769,sell,3759.45,7.37,3759.83,8.67
2024-06-01 10:11:08,3759.41,0.871,sell,3759.21,6.37,3759.7,13.06
2024-06-01 10:11:09,3759.52,0.379,sell,3759.28,10.76,3759.79,11.59
2024-06-01 10:11:10,3759.64,0.453,sell,3759.48,8.06,3759.79,9.78
2024-06-01 10:11:11,3759.43,0.421,buy,3759.25,9.67,3759.63,7.26
2024-06-01 10:11:12,3759.4,0.85,sell,3759.29,13.2,3759.51,7.82
2024-06-01 10:11:13,3759.36,0.14,sell,3759.14,10.21,3759.65,14.78
2024-06-01 10:11:14,3759.22,0.378,sell,3759.04,10.16,3759.44,8.43
2024-06-01 10:11:15,3759.14,0.711,sell,3758.86,7.78,3759.29,11.16
2024-06-01 10:11:16,3759.03,0.609,buy,3758.8,12.93,3759.19,10.0
2024-06-01 10:11:17,3759.21,0.493,sell,3759.03,12.4,3759.5,5.23
2024-06-01 10:11:18,3759.3,0.586,sell,3759.15,7.34,3759.52,14.45
2024-06-01 10:11:19,3759.43,0.278,sell,3759.15,8.2,3759.61,5.88
2024-06-01 10:11:20,3759.5,0.488,sell,3759.4,12.89,3759.7,11.59
2024-06-01 10:11:21,3759.39,0.552,buy,3759.22,8.58,3759.51,13.11
2024-06-01 10:11:22,3759.33,0.911,buy,3759.05,9.04,3759.45,12.49
2024-06-01 10:11:23,3759.38,0.335,buy,3759.15,8.64,3759.6,13.09
2024-06-01 10:11:24,3759.26,0.881,buy,3759.05,6.62,3759.46,12.4
2024-06-01 10:11:25,3759.33,0.68,buy,3759.19,8.41,3759.5,9.46
2024-06-01 10:11:26,3759.31,0.118,sell,3759.04,13.03,3759.52,13.96
2024-06-01 10:11:27,3759.27,0.752,buy,3759.13,9.91,3759.39,14.12
2024-06-01 10:11:28,3759.34,0.132,buy,3759.19,9.58,3759.63,9.37
2024-06-01 10:11:29,3759.39,0.998,sell,3759.25,6.56,3759.55,9.85
2024-06-01 10:11:30,3759.35,0.885,buy,3759.22,6.78,3759.46,9.86
2024-06-01 10:11:31,3759.47,0.368,buy,3759.18,5.43,3759.6,7.79
2024-06-01 10:11:32,3759.36,0.332,buy,3759.14,5.14,3759.48,6.15
2024-06-01 10:11:33,3759.42,0.443,buy,3759.19,9.88,3759.56,7.62
2024-06-01 10:11:34,3759.48,0.421,sell,3759.19,9.09,3759.66,13.44
2024-06-01 10:11:35,3759.45,0.435,buy,3759.3,7.75,3759.7,10.43
2024-06-01 10:11:36,3759.48,0.386,buy,3759.38,14.9,3759.64,13.5
2024-06-01 10:11:37,3759.36,0.659,buy,3759.14,8.98,3759.54,12.45
2024-06-01 10:11:38,3759.45,0.248,buy,3759.25,12.89,3759.73,8.49
2024-06-01 10:11:39,3759.43,0.861,buy,3759.23,7.11,3759.59,6.85
2024-06-01 10:11:40,3759.38,0.831,sell,3759.27,7.47,3759.64,10.67
2024-06-01 10:11:41,3759.48,0.529,buy,3759.29,10.68,3759.61,14.36
2024-06-01 10:11:42,3759.41,0.867,buy,3759.25,5.04,3759.55,13.39
2024-06-01 10:11:43,3759.27,0.322,sell,3759.12,5.17,3759.46,12.64
2024-06-01 10:11:44,3759.12,0.116,sell,3758.97,6.42,3759.26,12.64
2024-06-01 10:11:45,3759.18,0.657,buy,3759.01,7.23,3759.46,10.28
2024-06-01 10:11:46,3759.05,0.512,sell,3758.88,10.28,3759.16,6.7
2024-06-01 10:11:47,3759.22,0.61,buy,3759.06,11.86,3759.44,7.86
2024-06-01 10:11:48,3759.02,0.909,buy,3758.72,8.12,3759.24,10.78
2024-06-01 10:11:49,3759.18,0.973,buy,3758.9,7.39,3759.3,8.16
2024-06-01 10:11:50,3759.21,0.671,buy,3758.99,13.23,3759.45,12.82
2024-06-01 10:11:51,3759.2,0.788,sell,3758.9,6.63,3759.39,8.73
2024-06-01 10:11:52,3759.14,0.175,sell,3758.84,11.78,3759.39,6.14
2024-06-01 10:11:53,3759.18,0.245,sell,3759.01,14.31,3759.45,12.83
2024-06-01 10:11:54,3759.18,0.76,sell,3758.99,7.32,3759.34,11.98
2024-06-01 10:11:55,3759.29,0.488,buy,3759.0,5.87,3759.49,7.53
2024-06-01 10:11:56,3759.3,0.501,buy,3759.08,14.8,3759.45,14.81
2024-06-01 10:11:57,3759.31,0.378,buy,3759.17,7.71,3759.46,9.03
2024-06-01 10:11:58,3759.28,0.647,sell,3759.04,7.76,3759.38,11.8
2024-06-01 10:11:59,3759.27,0.267,buy,3759.13,9.84,3759.57,14.1
2024-06-01 10:12:00,3759.3,0.664,buy,3759.14,7.31,3759.49,6.56
2024-06-01 10:12:01,3759.13,0.256,buy,3758.99,14.93,3759.24,13.79
2024-06-01 10:12:02,3759.0,0.157,sell,3758.85,5.43,3759.1,12.04
2024-06-01 10:12:03,3759.07,0.397,sell,3758.97,9.51,3759.23,6.68
2024-06-01 10:12:04,3759.09,0.308,sell,3758.81,10.48,3759.19,11.65
2024-06-01 10:12:05,3759.07,0.9,sell,3758.91,9.67,3759.25,13.75
2024-06-01 10:12:06,3759.07,0.149,buy,3758.96,10.21,3759.19,12.99
2024-06-01 10:12:07,3759.11,0.259,buy,3758.99,14.88,3759.22,12.61
2024-06-01 10:12:08,3759.05,0.594,buy,3758.84,13.77,3759.29,6.61
2024-06-01 10:12:09,3758.98,0.533,buy,3758.68,8.08,3759.26,6.91
2024-06-01 10:12:10,3759.0,0.141,sell,3758.87,10.51,3759.18,10.48
2024-06-01 10:12:11,3758.9,0.107,buy,3758.78,5.0,3759.16,10.8
2024-06-01 10:12:12,3758.94,0.989,buy,3758.75,9.1,3759.04,14.44
2024-06-01 10:12:13,3758.77,0.693,sell,3758.56,6.64,3759.02,9.69
2024-06-01 10:12:14,3758.87,0.429,buy,3758.71,12.11,3758.98,8.03
2024-06-01 10:12:15,3758.92,0.523,buy,3758.76,7.21,3759.19,6.91
2024-06-01 10:12:16,3758.94,0.34,sell,3758.76,12.49,3759.22,5.54
2024-06-01 10:12:17,3759.04,0.41,sell,3758.88,8.13,3759.3,5.69
2024-06-01 10:12:18,3759.21,0.684,buy,3758.93,14.26,3759.47,10.74
2024-06-01 10:12:19,3759.31,0.895,buy,3759.2,9.45,3759.52,6.76
2024-06-01 10:12:20,3759.13,0.266,buy,3758.98,13.4,3759.28,13.52
2024-06-01 10:12:21,3759.0,0.856,buy,3758.74,11.28,3759.23,10.96
2024-06-01 10:12:22,3758.94,0.209,buy,3758.67,14.77,3759.12,13.65
2024-06-01 10:12:23,3758.94,0.293,sell,3758.82,12.43,3759.04,9.27
2024-06-01 10:12:24,3758.99,0.133,buy,3758.69,12.28,3759.19,10.96
2024-06-01 10:12:25,3758.92,0.227,buy,3758.68,7.65,3759.15,10.25
2024-06-01 10:12:26,3758.94,0.926,buy,3758.78,10.05,3759.04,14.87
2024-06-01 10:12:27,3758.86,0.513,buy,3758.67,7.9,3759.08,12.97
2024-06-01 10:12:28,3758.8,0.17,buy,3758.64,5.19,3759.03,10.95
2024-06-01 10:12:29,3758.66,0.964,buy,3758.53,12.11,3758.79,11.07
2024-06-01 10:12:30,3758.57,0.891,buy,3758.41,7.36,3758.75,7.49
2024-06-01 10:12:31,3758.43,0.779,buy,3758.21,8.97,3758.72,12.35
2024-06-01 10:12:32,3758.33,0.94,buy,3758.07,7.85,3758.61,14.83
2024-06-01 10:12:33,3758.44,0.298,sell,3758.27,7.0,3758.62,6.29
2024-06-01 10:12:34,3758.34,0.853,sell,3758.17,5.67,3758.51,11.37
2024-06-01 10:12:35,3758.61,0.721,buy,3758.41,8.38,3758.73,10.18
2024-06-01 10:12:36,3758.66,0.883,buy,3758.43,5.82,3758.76,13.5
2024-06-01 10:12:37,3758.67,0.817,buy,3758.42,10.4,3758.83,5.0
2024-06-01 10:12:38,3758.59,0.412,buy,3758.42,5.2,3758.88,6.37
2024-06-01 10:12:39,3758.66,0.797,buy,3758.44,14.4,3758.95,5.37
2024-06-01 10:12:40,3758.6,0.336,buy,3758.42,14.66,3758.86,6.63
2024-06-01 10:12:41,3758.61,0.396,sell,3758.37,8.05,3758.78,12.08
2024-06-01 10:12:42,3758.87,0.197,buy,3758.74,7.6,3759.0,6.4
2024-06-01 10:12:43,3758.86,0.942,sell,3758.71,6.04,3759.08,11.22
2024-06-01 10:12:44,3758.98,0.362,sell,3758.79,14.05,3759.2,13.68
2024-06-01 10:12:45,3758.9,0.569,sell,3758.63,10.87,3759.09,5.35
2024-06-01 10:12:46,3758.9,0.452,sell,3758.69,11.1,3759.14,5.27
2024-06-01 10:12:47,3759.08,0.964,sell,3758.79,13.96,3759.33,14.9
2024-06-01 10:12:48,3759.02,0.402,sell,3758.89,14.11,3759.27,11.73
2024-06-01 10:12:49,3759.2,0.801,sell,3759.0,13.28,3759.4,6.41
2024-06-01 10:12:50,3759.27,0.87,sell,3759.08,12.73,3759.53,8.07
2024-06-01 10:12:51,3759.21,0.492,sell,3758.99,13.77,3759.32,14.85
2024-06-01 10:12:52,3759.27,0.44,buy,3759.01,13.76,3759.51,7.27
2024-06-01 10:12:53,3759.37,0.773,buy,3759.1,8.69,3759.52,12.53
2024-06-01 10:12:54,3759.43,0.922,sell,3759.2,14.73,3759.59,7.41
2024-06-01 10:12:55,3759.28,0.779,sell,3759.05,12.09,3759.4,8.98
2024-06-01 10:12:56,3759.2,0.304,sell,3758.91,8.7,3759.34,13.81
2024-06-01 10:12:57,3759.18,0.899,buy,3759.0,9.42,3759.48,5.28
2024-06-01 10:12:58,3759.17,0.449,buy,3758.91,11.87,3759.36,8.07
2024-06-01 10:12:59,3759.23,0.619,sell,3758.95,8.61,3759.52,9.87
2024-06-01 10:13:00,3759.25,0.848,sell,3759.05,13.27,3759.38,11.25
2024-06-01 10:13:01,3759.12,0.27,sell,3758.87,6.48,3759.26,5.28
2024-06-01 10:13:02,3759.16,0.806,sell,3758.98,14.08,3759.37,9.11
2024-06-01 10:13:03,3759.22,0.637,sell,3759.09,8.01,3759.39,8.44
2024-06-01 10:13:04,3759.27,0.904,sell,3759.06,6.53,3759.5,5.27
2024-06-01 10:13:05,3759.38,0.255,buy,3759.24,13.58,3759.57,8.55
2024-06-01 10:13:06,3759.46,0.479,buy,3759.27,7.39,3759.73,14.32
2024-06-01 10:13:07,3759.51,0.85,buy,3759.24,13.43,3759.7,7.75
2024-06-01 10:13:08,3759.5,0.117,sell,3759.39,7.96,3759.72,10.86
2024-06-01 10:13:09,3759.34,0.201,sell,3759.23,14.34,3759.5,7.98
2024-06-01 10:13:10,3759.38,0.992,buy,3759.16,7.19,3759.62,6.07
2024-06-01 10:13:11,3759.4,0.352,buy,3759.24,5.7,3759.63,7.9
2024-06-01 10:13:12,3759.43,0.978,sell,3759.25,14.37,3759.61,9.71
2024-06-01 10:13:13,3759.3,0.264,buy,3759.12,6.66,3759.46,7.96
2024-06-01 10:13:14,3759.19,0.425,buy,3759.08,14.44,3759.42,11.24
2024-06-01 10:13:15,3759.3,0.778,buy,3759.2,13.24,3759.59,14.49
2024-06-01 10:13:16,3759.29,0.692,buy,3759.01,5.82,3759.42,5.69
2024-06-01 10:13:17,3759.36,0.623,sell,3759.22,9.45,3759.62,12.17
2024-06-01 10:13:18,3759.37,0.577,sell,3759.18,5.73,3759.57,5.01
2024-06-01 10:13:19,3759.37,0.859,sell,3759.07,8.3,3759.57,5.01
2024-06-01 10:13:20,3759.46,0.311,sell,3759.2,8.52,3759.75,6.33
2024-06-01 10:13:21,3759.41,0.498,buy,3759.29,11.0,3759.63,9.8
2024-06-01 10:13:22,3759.42,0.24,buy,3759.22,14.76,3759.69,5.48
2024-06-01 10:13:23,3759.37,0.636,buy,3759.13,6.7,3759.58,12.22
2024-06-01 10:13:24,3759.33,0.325,sell,3759.09,8.29,3759.48,5.29
2024-06-01 10:13:25,3759.3,0.4,sell,3759.05,10.87,3759.54,9.95
2024-06-01 10:13:26,3759.32,0.524,sell,3759.13,6.71,3759.61,11.76
2024-06-01 10:13:27,3759.27,0.124,sell,3759.14,12.11,3759.54,7.38
2024-06-01 10:13:28,3759.4,0.183,buy,3759.21,9.04,3759.54,10.79
2024-06-01 10:13:29,3759.31,0.717,sell,3759.08,14.5,3759.47,7.62
2024-06-01 10:13:30,3759.29,0.486,buy,3759.07,11.3,3759.49,7.14
2024-06-01 10:13:31,3759.25,0.878,buy,3759.13,8.63,3759.46,13.18
2024-06-01 10:13:32,3759.39,0.725,buy,3759.28,12.19,3759.53,8.33
2024-06-01 10:13:33,3759.41,0.107,sell,3759.12,13.39,3759.56,13.14
2024-06-01 10:13:34,3759.51,0.655,sell,3759.38,13.0,3759.77,7.17
2024-06-01 10:13:35,3759.37,0.184,buy,3759.21,7.63,3759.61,8.56
2024-06-01 10:13:36,3759.39,0.803,buy,3759.14,9.17,3759.66,6.03
2024-06-01 10:13:37,3759.48,0.992,sell,3759.3,9.52,3759.77,9.97
2024-06-01 10:13:38,3759.49,0.578,sell,3759.35,8.88,3759.65,8.82
2024-06-01 10:13:39,3759.6,0.715,sell,3759.4,8.11,3759.87,5.06
2024-06-01 10:13:40,3759.54,0.314,sell,3759.33,12.53,3759.78,9.65
2024-06-01 10:13:41,3759.69,0.494,buy,3759.5,5.12,3759.98,5.74
2024-06-01 10:13:42,3759.92,0.87,buy,3759.63,7.94,3760.07,13.37
2024-06-01 10:13:43,3759.88,0.251,buy,3759.72,6.42,3760.03,9.94
2024-06-01 10:13:44,3759.83,0.339,buy,3759.6,6.29,3760.08,11.9
2024-06-01 10:13:45,3759.98,0.501,buy,3759.86,7.77,3760.27,13.21
2024-06-01 10:13:46,3760.14,0.741,buy,3759.96,12.62,3760.4,5.51
2024-06-01 10:13:47,3760.09,0.438,sell,3759.84,14.69,3760.33,8.37
2024-06-01 10:13:48,3760.04,0.935,buy,3759.9,10.15,3760.22,5.25
2024-06-01 10:13:49,3760.02,0.185,sell,3759.8,8.39,3760.26,5.5
2024-06-01 10:13:50,3759.88,0.434,sell,3759.75,13.29,3760.14,5.38
2024-06-01 10:13:51,3759.79,0.738,buy,3759.67,5.67,3760.04,9.78
2024-06-01 10:13:52,3759.69,0.303,sell,3759.48,5.93,3759.92,9.51
2024-06-01 10:13:53,3759.61,0.691,buy,3759.38,8.45,3759.72,5.61
2024-06-01 10:13:54,3759.61,0.248,buy,3759.49,9.48,3759.84,7.62
2024-06-01 10:13:55,3759.63,0.15,sell,3759.35,12.98,3759.83,7.44
2024-06-01 10:13:56,3759.79,0.209,sell,3759.64,14.25,3760.08,7.97
2024-06-01 10:13:57,3759.69,0.937,sell,3759.56,10.31,3759.91,11.41
2024-06-01 10:13:58,3759.79,0.597,sell,3759.65,9.96,3760.01,11.97
2024-06-01 10:13:59,3759.76,0.817,sell,3759.63,7.13,3760.06,8.39
2024-06-01 10:14:00,3759.76,0.399,sell,3759.64,9.51,3759.88,12.88
2024-06-01 10:14:01,3759.83,0.633,sell,3759.57,14.24,3759.98,9.18
2024-06-01 10:14:02,3759.71,0.545,sell,3759.52,8.93,3759.95,10.22
2024-06-01 10:14:03,3759.75,0.951,sell,3759.58,7.11,3759.92,6.46
2024-06-01 10:14:04,3759.77,0.773,buy,3759.48,8.37,3759.94,7.33
2024-06-01 10:14:05,3759.82,0.757,buy,3759.64,10.15,3760.1,12.28
2024-06-01 10:14:06,3759.85,0.142,sell,3759.71,10.99,3760.06,14.77
2024-06-01 10:14:07,3760.09,0.595,sell,3759.94,9.32,3760.21,12.05
2024-06-01 10:14:08,3760.03,0.52,sell,3759.88,12.59,3760.19,5.54
2024-06-01 10:14:09,3759.98,0.935,buy,3759.78,10.84,3760.09,6.43
2024-06-01 10:14:10,3759.91,0.332,buy,3759.76,11.65,3760.13,9.46
2024-06-01 10:14:11,3759.86,0.343,sell,3759.66,13.63,3759.99,12.33
2024-06-01 10:14:12,3759.79,0.47,sell,3759.56,13.66,3760.07,6.66
2024-06-01 10:14:13,3759.91,0.319,sell,3759.66,7.04,3760.13,12.51
2024-06-01 10:14:14,3760.06,0.216,sell,3759.81,11.23,3760.17,10.56
2024-06-01 10:14:15,3760.0,0.872,buy,3759.86,12.17,3760.16,12.75
2024-06-01 10:14:16,3759.92,0.602,buy,3759.79,6.46,3760.14,10.58
2024-06-01 10:14:17,3759.96,0.875,sell,3759.75,13.43,3760.13,11.03
2024-06-01 10:14:18,3759.91,0.848,sell,3759.77,6.8,3760.11,7.49
2024-06-01 10:14:19,3759.97,0.354,buy,3759.85,12.99,3760.25,12.2
2024-06-01 10:14:20,3759.99,0.593,buy,3759.79,6.61,3760.16,13.44
2024-06-01 10:14:21,3759.84,0.175,sell,3759.67,12.42,3760.01,13.71
2024-06-01 10:14:22,3759.99,0.924,sell,3759.74,6.48,3760.26,5.29
2024-06-01 10:14:23,3760.17,0.464,buy,3760.01,8.79,3760.34,11.25
2024-06-01 10:14:24,3760.11,0.454,buy,3759.82,6.44,3760.23,14.9
2024-06-01 10:14:25,3760.07,0.372,buy,3759.82,7.71,3760.21,10.87
2024-06-01 10:14:26,3760.1,0.515,sell,3759.99,14.85,3760.39,6.71
2024-06-01 10:14:27,3760.14,0.327,buy,3759.93,6.08,3760.42,13.78
2024-06-01 10:14:28,3760.2,0.437,sell,3759.99,9.06,3760.35,7.64
2024-06-01 10:14:29,3760.4,0.82,buy,3760.16,11.77,3760.61,5.45
2024-06-01 10:14:30,3760.38,0.851,buy,3760.19,5.95,3760.51,9.31
2024-06-01 10:14:31,3760.31,0.374,buy,3760.11,6.09,3760.54,6.0
2024-06-01 10:14:32,3760.17,0.522,sell,3759.99,6.43,3760.3,6.15
2024-06-01 10:14:33,3760.09,0.886,sell,3759.94,11.45,3760.2,9.63
2024-06-01 10:14:34,3760.09,0.147,buy,3759.8,14.09,3760.36,11.13
2024-06-01 10:14:35,3760.27,0.9,sell,3760.11,13.26,3760.44,14.05
2024-06-01 10:14:36,3760.22,0.297,buy,3760.11,14.83,3760.34,12.05
2024-06-01 10:14:37,3760.24,0.711,sell,3760.11,10.78,3760.51,13.43
2024-06-01 10:14:38,3760.24,0.624,buy,3759.97,14.61,3760.49,9.12
2024-06-01 10:14:39,3760.36,0.598,buy,3760.14,8.05,3760.59,8.19
2024-06-01 10:14:40,3760.61,0.873,sell,3760.35,9.22,3760.89,10.93
2024-06-01 10:14:41,3760.56,0.191,buy,3760.3,8.96,3760.76,11.95
2024-06-01 10:14:42,3760.51,0.412,sell,3760.24,5.47,3760.63,10.68
2024-06-01 10:14:43,3760.61,0.584,buy,3760.4,13.3,3760.73,7.65
2024-06-01 10:14:44,3760.68,0.83,sell,3760.55,5.25,3760.84,8.7
2024-06-01 10:14:45,3760.87,0.295,buy,3760.74,12.3,3760.98,9.48
2024-06-01 10:14:46,3760.92,0.823,buy,3760.71,9.07,3761.13,5.14
2024-06-01 10:14:47,3760.89,0.46,sell,3760.72,5.06,3760.99,13.8
2024-06-01 10:14:48,3760.95,0.27,buy,3760.74,7.9,3761.14,10.11
2024-06-01 10:14:49,3761.06,0.783,sell,3760.86,8.46,3761.19,12.51
2024-06-01 10:14:50,3761.14,0.182,buy,3760.92,14.65,3761.31,6.72
2024-06-01 10:14:51,3761.19,0.563,buy,3761.08,11.61,3761.43,10.57
2024-06-01 10:14:52,3761.3,0.157,buy,3761.19,10.44,3761.47,14.26
2024-06-01 10:14:53,3761.41,0.421,buy,3761.17,6.27,3761.58,7.14
2024-06-01 10:14:54,3761.55,0.641,sell,3761.41,8.91,3761.85,8.46
2024-06-01 10:14:55,3761.62,0.601,sell,3761.39,5.36,3761.86,8.88
2024-06-01 10:14:56,3761.6,0.464,sell,3761.39,12.62,3761.8,8.83
2024-06-01 10:14:57,3761.62,0.486,buy,3761.32,6.63,3761.83,11.01
2024-06-01 10:14:58,3761.74,0.304,sell,3761.47,10.94,3761.96,8.94
2024-06-01 10:14:59,3761.65,0.51,sell,3761.47,11.99,3761.76,11.74
2024-06-01 10:15:00,3761.69,0.958,buy,3761.47,8.67,3761.81,9.85
2024-06-01 10:15:01,3761.65,0.865,sell,3761.53,11.33,3761.88,6.58
2024-06-01 10:15:02,3761.66,0.231,buy,3761.48,12.64,3761.83,14.49
2024-06-01 10:15:03,3761.78,0.127,buy,3761.54,6.84,3761.89,7.4
2024-06-01 10:15:04,3761.8,0.94,sell,3761.58,11.01,3761.96,10.62
2024-06-01 10:15:05,3761.81,0.574,sell,3761.61,12.34,3761.93,5.61
2024-06-01 10:15:06,3761.67,0.584,sell,3761.54,8.57,3761.95,14.19
2024-06-01 10:15:07,3761.75,0.803,sell,3761.48,6.62,3761.89,14.28
2024-06-01 10:15:08,3761.81,0.383,buy,3761.66,7.86,3761.94,8.65
2024-06-01 10:15:09,3762.03,0.534,sell,3761.76,14.33,3762.25,6.21
2024-06-01 10:15:10,3762.0,0.972,buy,3761.77,8.57,3762.2,12.7
2024-06-01 10:15:11,3762.02,0.705,sell,3761.84,6.08,3762.23,7.62
2024-06-01 10:15:12,3762.04,0.238,buy,3761.93,5.83,3762.23,12.01
2024-06-01 10:15:13,3762.2,0.22,sell,3762.05,6.8,3762.39,14.15
2024-06-01 10:15:14,3762.19,0.284,sell,3761.91,6.28,3762.45,10.9
2024-06-01 10:15:15,3762.22,0.79,buy,3761.95,9.95,3762.36,13.61
2024-06-01 10:15:16,3762.28,0.366,sell,3762.06,8.48,3762.46,7.25
2024-06-01 10:15:17,3762.3,0.119,sell,3762.1,13.41,3762.59,14.1
2024-06-01 10:15:18,3762.25,0.95,sell,3762.02,13.81,3762.39,7.27
2024-06-01 10:15:19,3762.27,0.253,sell,3762.08,9.73,3762.43,7.26
2024-06-01 10:15:20,3762.38,0.109,buy,3762.15,13.89,3762.52,13.8
2024-06-01 10:15:21,3762.28,0.313,buy,3762.12,9.5,3762.38,10.55
2024-06-01 10:15:22,3762.29,0.312,sell,3762.02,11.42,3762.44,12.99
2024-06-01 10:15:23,3762.22,0.48,buy,3761.98,6.63,3762.33,13.02
2024-06-01 10:15:24,3762.34,0.928,sell,3762.17,5.53,3762.47,11.47
2024-06-01 10:15:25,3762.19,0.891,buy,3761.92,6.6,3762.36,6.89
2024-06-01 10:15:26,3762.13,0.511,buy,3761.93,7.52,3762.24,11.92
2024-06-01 10:15:27,3762.17,0.47,buy,3762.03,12.51,3762.42,5.64
2024-06-01 10:15:28,3762.33,0.6,sell,3762.21,6.74,3762.59,7.01
2024-06-01 10:15:29,3762.32,0.319,buy,3762.08,6.31,3762.5,11.43
2024-06-01 10:15:30,3762.26,0.147,buy,3761.99,14.28,3762.56,14.08
2024-06-01 10:15:31,3762.45,0.945,sell,3762.19,11.89,3762.69,12.72
2024-06-01 10:15:32,3762.31,0.268,buy,3762.08,9.73,3762.56,8.32
2024-06-01 10:15:33,3762.09,0.279,sell,3761.96,5.95,3762.23,13.24
2024-06-01 10:15:34,3762.13,0.525,buy,3762.01,13.52,3762.4,14.67
2024-06-01 10:15:35,3762.08,0.542,sell,3761.91,6.08,3762.37,8.32
2024-06-01 10:15:36,3761.98,0.117,buy,3761.71,11.11,3762.13,6.87
2024-06-01 10:15:37,3762.05,0.233,sell,3761.76,11.68,3762.29,6.98
2024-06-01 10:15:38,3762.07,0.44,buy,3761.93,9.0,3762.32,9.0
2024-06-01 10:15:39,3762.02,0.715,buy,3761.77,14.11,3762.18,5.52
2024-06-01 10:15:40,3761.89,0.306,sell,3761.68,5.51,3762.08,9.88
2024-06-01 10:15:41,3761.98,0.481,buy,3761.87,13.18,3762.1,12.32
2024-06-01 10:15:42,3762.04,0.602,buy,3761.83,10.54,3762.18,10.3
2024-06-01 10:15:43,3762.03,0.9,sell,3761.77,11.11,3762.14,14.7
2024-06-01 10:15:44,3762.22,0.393,sell,3762.06,14.87,3762.43,9.62
2024-06-01 10:15:45,3762.11,0.22,buy,3761.83,10.83,3762.34,5.13
2024-06-01 10:15:46,3761.96,0.54,sell,3761.81,12.97,3762.24,9.7
2024-06-01 10:15:47,3761.89,0.772,buy,3761.77,6.54,3762.1,14.3
2024-06-01 10:15:48,3761.88,0.199,sell,3761.75,13.09,3762.04,5.96
2024-06-01 10:15:49,3761.91,0.482,sell,3761.64,12.61,3762.02,7.23
2024-06-01 10:15:50,3761.88,0.116,sell,3761.7,14.68,3762.16,12.16
2024-06-01 10:15:51,3761.92,0.13,sell,3761.66,14.36,3762.11,7.94
2024-06-01 10:15:52,3761.79,0.535,buy,3761.59,7.14,3762.04,12.65
2024-06-01 10:15:53,3761.94,0.368,sell,3761.74,9.65,3762.04,9.19
2024-06-01 10:15:54,3761.93,0.861,buy,3761.67,14.11,3762.13,12.96
2024-06-01 10:15:55,3762.04,0.642,buy,3761.86,11.41,3762.21,10.52
2024-06-01 10:15:56,3762.08,0.509,buy,3761.82,9.64,3762.18,5.82
2024-06-01 10:15:57,3762.12,0.467,buy,3762.0,6.09,3762.38,8.86
2024-06-01 10:15:58,3762.18,0.548,buy,3761.95,8.52,3762.38,8.33
2024-06-01 10:15:59,3762.22,0.136,sell,3761.98,11.65,3762.39,13.1
2024-06-01 10:16:00,3762.29,0.904,sell,3762.01,12.77,3762.55,11.25
2024-06-01 10:16:01,3762.42,0.998,buy,3762.28,9.47,3762.61,12.77
2024-06-01 10:16:02,3762.44,0.263,buy,3762.22,5.56,3762.54,8.72
2024-06-01 10:16:03,3762.51,0.208,sell,3762.32,11.33,3762.8,11.92
2024-06-01 10:16:04,3762.5,0.229,buy,3762.33,14.22,3762.65,5.65
2024-06-01 10:16:05,3762.65,0.695,sell,3762.52,9.96,3762.91,5.37
2024-06-01 10:16:06,3762.58,0.695,buy,3762.45,14.28,3762.84,7.87
2024-06-01 10:16:07,3762.76,0.863,sell,3762.49,8.54,3762.89,12.74
2024-06-01 10:16:08,3762.75,0.777,sell,3762.5,13.86,3762.95,10.34
2024-06-01 10:16:09,3762.61,0.505,buy,3762.44,12.86,3762.72,9.09
2024-06-01 10:16:10,3762.62,0.652,sell,3762.36,14.62,3762.8,13.97
2024-06-01 10:16:11,3762.56,0.719,buy,3762.44,12.91,3762.8,9.97
2024-06-01 10:16:12,3762.64,0.561,sell,3762.42,8.21,3762.79,11.13
2024-06-01 10:16:13,3762.58,0.528,sell,3762.3,14.01,3762.7,14.86
2024-06-01 10:16:14,3762.53,0.681,buy,3762.26,11.7,3762.73,10.22
2024-06-01 10:16:15,3762.34,0.602,sell,3762.17,6.62,3762.55,12.84
2024-06-01 10:16:16,3762.3,0.68,sell,3762.05,5.46,3762.53,9.14
2024-06-01 10:16:17,3762.05,0.652,buy,3761.87,8.66,3762.31,5.36
2024-06-01 10:16:18,3761.9,0.747,sell,3761.63,12.87,3762.13,13.34
2024-06-01 10:16:19,3761.97,0.679,buy,3761.77,11.18,3762.24,14.44
2024-06-01 10:16:20,3762.05,0.568,buy,3761.8,10.27,3762.19,9.34
2024-06-01 10:16:21,3762.09,0.714,sell,3761.98,5.04,3762.31,10.04
2024-06-01 10:16:22,3762.0,0.505,buy,3761.78,9.36,3762.17,9.24
2024-06-01 10:16:23,3761.99,0.318,sell,3761.78,6.58,3762.28,14.97
2024-06-01 10:16:24,3761.99,0.101,sell,3761.77,9.55,3762.18,14.03
2024-06-01 10:16:25,3761.88,0.604,buy,3761.64,14.92,3762.17,5.41
2024-06-01 10:16:26,3762.03,0.632,sell,3761.74,13.8,3762.28,12.79
2024-06-01 10:16:27,3762.11,0.975,sell,3761.86,8.11,3762.36,11.01
2024-06-01 10:16:28,3762.09,0.425,sell,3761.95,10.94,3762.29,5.25
2024-06-01 10:16:29,3762.09,0.455,buy,3761.83,10.02,3762.28,9.45
2024-06-01 10:16:30,3762.11,0.282,buy,3761.99,6.3,3762.32,6.5
2024-06-01 10:16:31,3761.91,0.163,sell,3761.69,14.9,3762.07,13.73
2024-06-01 10:16:32,3761.89,0.796,buy,3761.61,9.25,3762.17,5.13
2024-06-01 10:16:33,3761.82,0.325,sell,3761.7,10.06,3762.08,13.73
2024-06-01 10:16:34,3761.72,0.648,sell,3761.45,11.48,3761.98,14.41
2024-06-01 10:16:35,3761.69,0.719,buy,3761.43,6.92,3761.88,5.73
2024-06-01 10:16:36,3761.87,0.524,buy,3761.67,7.22,3761.98,12.2
2024-06-01 10:16:37,3761.93,0.889,buy,3761.77,6.93,3762.17,10.49
2024-06-01 10:16:38,3761.88,0.499,sell,3761.69,8.84,3762.05,14.54
2024-06-01 10:16:39,3761.93,0.356,buy,3761.64,7.0,3762.21,12.98
2024-06-01 10:16:40,3762.07,0.906,sell,3761.93,14.26,3762.33,11.94
2024-06-01 10:16:41,3762.17,0.875,sell,3761.95,12.14,3762.29,14.26
2024-06-01 10:16:42,3762.17,0.248,sell,3762.05,13.98,3762.39,6.6
2024-06-01 10:16:43,3762.11,0.123,buy,3761.96,13.48,3762.35,8.76
2024-06-01 10:16:44,3762.18,0.181,buy,3761.92,12.03,3762.39,13.43
2024-06-01 10:16:45,3762.22,0.358,buy,3762.06,7.43,3762.42,6.02
2024-06-01 10:16:46,3762.31,0.975,sell,3762.01,11.15,3762.45,14.35
2024-06-01 10:16:47,3762.37,0.603,sell,3762.17,6.86,3762.52,12.45
2024-06-01 10:16:48,3762.47,0.436,buy,3762.27,6.32,3762.73,9.39
2024-06-01 10:16:49,3762.42,0.9,buy,3762.31,11.33,3762.52,8.39
2024-06-01 10:16:50,3762.55,0.508,buy,3762.26,11.25,3762.81,6.48
2024-06-01 10:16:51,3762.57,0.384,buy,3762.44,6.57,3762.78,5.94
2024-06-01 10:16:52,3762.78,0.947,buy,3762.57,8.52,3763.07,9.24
2024-06-01 10:16:53,3762.71,0.865,buy,3762.53,5.66,3763.01,13.43
2024-06-01 10:16:54,3762.88,0.859,buy,3762.7,12.16,3763.12,10.32
2024-06-01 10:16:55,3762.9,0.561,buy,3762.68,14.87,3763.09,9.51
2024-06-01 10:16:56,3762.84,0.81,buy,3762.61,12.4,3763.03,8.19
2024-06-01 10:16:57,3762.79,0.261,sell,3762.66,13.44,3762.93,6.57
2024-06-01 10:16:58,3762.76,0.616,buy,3762.56,9.76,3762.88,14.9
2024-06-01 10:16:59,3762.8,0.985,buy,3762.54,5.96,3763.02,5.26
2024-06-01 10:17:00,3762.85,0.362,sell,3762.66,12.27,3763.11,8.12
2024-06-01 10:17:01,3762.8,0.815,sell,3762.66,7.57,3762.95,12.69
2024-06-01 10:17:02,3762.79,0.541,sell,3762.63,8.88,3762.98,10.21
2024-06-01 10:17:03,3763.01,0.136,sell,3762.87,12.03,3763.22,8.14
2024-06-01 10:17:04,3763.18,0.787,sell,3763.06,14.05,3763.46,14.93
2024-06-01 10:17:05,3763.22,0.252,sell,3763.05,9.86,3763.35,11.19
2024-06-01 10:17:06,3763.23,0.668,sell,3763.02,14.62,3763.38,7.95
2024-06-01 10:17:07,3763.24,0.177,buy,3763.13,10.2,3763.52,13.48
2024-06-01 10:17:08,3763.3,0.952,buy,3763.08,6.23,3763.41,6.5
2024-06-01 10:17:09,3763.2,0.363,buy,3762.9,10.18,3763.43,9.64
2024-06-01 10:17:10,3763.17,0.304,sell,3762.88,13.61,3763.4,13.4
2024-06-01 10:17:11,3763.01,0.216,buy,3762.74,10.38,3763.18,14.84
2024-06-01 10:17:12,3763.05,0.951,sell,3762.89,12.48,3763.24,8.83
2024-06-01 10:17:13,3763.11,0.741,buy,3763.01,10.48,3763.38,6.38
2024-06-01 10:17:14,3763.06,0.767,sell,3762.8,10.46,3763.2,10.67
2024-06-01 10:17:15,3763.22,0.549,buy,3763.11,7.85,3763.37,14.44
2024-06-01 10:17:16,3763.1,0.527,buy,3762.96,7.01,3763.3,11.66
2024-06-01 10:17:17,3762.95,0.199,buy,3762.74,7.79,3763.13,11.02
2024-06-01 10:17:18,3762.97,0.604,buy,3762.84,9.41,3763.19,8.09
2024-06-01 10:17:19,3763.08,0.322,buy,3762.81,13.1,3763.36,11.06
2024-06-01 10:17:20,3763.25,0.979,buy,3762.99,13.29,3763.53,13.85
2024-06-01 10:17:21,3763.2,0.817,buy,3762.95,6.63,3763.35,8.76
2024-06-01 10:17:22,3763.31,0.472,sell,3763.05,10.53,3763.47,7.42
2024-06-01 10:17:23,3763.3,0.236,sell,3763.16,9.16,3763.44,9.81
2024-06-01 10:17:24,3763.29,0.807,buy,3763.04,10.71,3763.57,8.76
2024-06-01 10:17:25,3763.38,0.21,buy,3763.2,11.48,3763.56,9.7
2024-06-01 10:17:26,3763.44,0.27,buy,3763.21,7.8,3763.63,5.96
2024-06-01 10:17:27,3763.28,0.29,buy,3763.16,14.19,3763.54,8.36
2024-06-01 10:17:28,3763.43,0.601,sell,3763.19,14.35,3763.63,13.27
2024-06-01 10:17:29,3763.57,0.808,sell,3763.27,6.05,3763.69,9.0
2024-06-01 10:17:30,3763.51,0.383,buy,3763.4,12.03,3763.69,14.68
2024-06-01 10:17:31,3763.55,0.176,buy,3763.43,5.33,3763.77,12.09
2024-06-01 10:17:32,3763.6,0.518,buy,3763.47,5.47,3763.84,8.66
2024-06-01 10:17:33,3763.62,0.773,buy,3763.44,14.58,3763.85,7.52
2024-06-01 10:17:34,3763.57,0.299,sell,3763.41,11.95,3763.69,11.85
2024-06-01 10:17:35,3763.5,0.298,sell,3763.24,8.25,3763.66,8.02
2024-06-01 10:17:36,3763.5,0.953,sell,3763.3,11.7,3763.74,14.27
2024-06-01 10:17:37,3763.61,0.959,sell,3763.42,13.46,3763.89,6.16
2024-06-01 10:17:38,3763.67,0.991,buy,3763.42,13.71,3763.78,5.29
2024-06-01 10:17:39,3763.63,0.827,sell,3763.46,5.21,3763.74,7.21
2024-06-01 10:17:40,3763.71,0.269,buy,3763.54,13.18,3763.94,11.07
2024-06-01 10:17:41,3763.42,0.291,sell,3763.17,13.53,3763.63,13.35
2024-06-01 10:17:42,3763.54,0.406,sell,3763.28,10.96,3763.67,6.7
2024-06-01 10:17:43,3763.36,0.386,buy,3763.26,9.8,3763.57,10.85
2024-06-01 10:17:44,3763.33,0.961,sell,3763.2,6.11,3763.62,6.44
2024-06-01 10:17:45,3763.22,0.81,buy,3763.07,7.4,3763.44,10.63
2024-06-01 10:17:46,3763.09,0.752,buy,3762.92,9.9,3763.28,5.18
2024-06-01 10:17:47,3763.2,0.267,buy,3763.04,13.65,3763.47,10.58
2024-06-01 10:17:48,3763.16,0.919,buy,3762.92,13.03,3763.3,10.22
2024-06-01 10:17:49,3763.19,0.845,buy,3762.93,9.96,3763.37,5.43
2024-06-01 10:17:50,3763.19,0.247,sell,3763.05,12.86,3763.39,11.89
2024-06-01 10:17:51,3763.23,0.884,sell,3763.02,12.66,3763.43,10.72
2024-06-01 10:17:52,3763.24,0.345,buy,3763.07,10.79,3763.53,11.23
2024-06-01 10:17:53,3763.11,0.173,buy,3762.91,7.2,3763.27,10.3
2024-06-01 10:17:54,3763.21,0.691,buy,3762.99,8.48,3763.32,12.22
2024-06-01 10:17:55,3763.16,0.688,buy,3762.88,6.64,3763.45,10.25
2024-06-01 10:17:56,3763.01,0.185,sell,3762.87,5.07,3763.15,14.22
2024-06-01 10:17:57,3762.96,0.387,buy,3762.85,5.81,3763.14,14.44
2024-06-01 10:17:58,3763.12,0.994,sell,3762.89,12.6,3763.32,12.27
2024-06-01 10:17:59,3763.2,0.711,sell,3763.02,5.33,3763.5,14.12
2024-06-01 10:18:00,3763.17,0.757,buy,3763.03,9.0,3763.37,14.23
2024-06-01 10:18:01,3763.13,0.292,sell,3763.01,14.86,3763.32,7.62
2024-06-01 10:18:02,3763.1,0.171,buy,3762.89,12.95,3763.31,14.94
2024-06-01 10:18:03,3763.31,0.349,buy,3763.15,12.51,3763.6,7.67
2024-06-01 10:18:04,3763.34,0.324,sell,3763.04,7.75,3763.61,5.19
2024-06-01 10:18:05,3763.39,0.311,buy,3763.21,11.42,3763.52,14.62
2024-06-01 10:18:06,3763.49,0.273,buy,3763.35,9.99,3763.75,7.24
2024-06-01 10:18:07,3763.51,0.617,sell,3763.29,11.24,3763.78,10.84
2024-06-01 10:18:08,3763.49,0.395,sell,3763.34,9.36,3763.73,14.71
2024-06-01 10:18:09,3763.47,0.838,sell,3763.27,10.31,3763.7,5.49
2024-06-01 10:18:10,3763.46,0.266,buy,3763.26,14.88,3763.65,7.69
2024-06-01 10:18:11,3763.46,0.518,sell,3763.27,8.29,3763.69,11.09
2024-06-01 10:18:12,3763.53,0.112,sell,3763.27,7.16,3763.78,12.63
2024-06-01 10:18:13,3763.54,0.534,sell,3763.39,9.48,3763.66,13.07
2024-06-01 10:18:14,3763.61,0.15,sell,3763.33,10.24,3763.76,13.84
2024-06-01 10:18:15,3763.6,0.98,buy,3763.34,5.86,3763.74,6.68
2024-06-01 10:18:16,3763.61,0.812,sell,3763.44,13.06,3763.88,8.7
2024-06-01 10:18:17,3763.41,0.541,sell,3763.27,9.22,3763.64,12.14
2024-06-01 10:18:18,3763.5,0.178,buy,3763.34,9.13,3763.69,12.15
2024-06-01 10:18:19,3763.53,0.633,sell,3763.37,11.59,3763.8,8.08
2024-06-01 10:18:20,3763.63,0.783,sell,3763.42,12.73,3763.88,8.04
2024-06-01 10:18:21,3763.35,0.272,buy,3763.24,14.86,3763.63,8.21
2024-06-01 10:18:22,3763.55,0.611,buy,3763.27,6.74,3763.67,13.92
2024-06-01 10:18:23,3763.54,0.833,buy,3763.42,8.46,3763.74,14.1
2024-06-01 10:18:24,3763.65,0.791,buy,3763.49,6.68,3763.89,5.15
2024-06-01 10:18:25,3763.55,0.823,buy,3763.42,13.81,3763.69,8.25
2024-06-01 10:18:26,3763.61,0.891,sell,3763.46,10.48,3763.77,8.92
2024-06-01 10:18:27,3763.5,0.944,sell,3763.24,13.52,3763.69,14.82
2024-06-01 10:18:28,3763.44,0.465,sell,3763.22,14.85,3763.7,14.44
2024-06-01 10:18:29,3763.63,0.612,sell,3763.49,10.5,3763.83,11.28
2024-06-01 10:18:30,3763.61,0.812,buy,3763.34,6.18,3763.81,5.46
2024-06-01 10:18:31,3763.63,0.727,buy,3763.37,8.61,3763.82,6.91
2024-06-01 10:18:32,3763.72,0.996,buy,3763.47,5.36,3763.87,9.34
2024-06-01 10:18:33,3763.77,0.112,sell,3763.5,13.49,3764.06,14.59
2024-06-01 10:18:34,3763.79,0.42,buy,3763.56,5.18,3763.95,5.95
2024-06-01 10:18:35,3763.82,0.353,buy,3763.62,10.92,3764.04,12.91
2024-06-01 10:18:36,3764.06,0.336,sell,3763.89,6.06,3764.19,6.91
2024-06-01 10:18:37,3764.06,0.3,buy,3763.91,5.08,3764.24,10.08
2024-06-01 10:18:38,3764.08,0.738,buy,3763.87,7.56,3764.36,12.67
2024-06-01 10:18:39,3764.18,0.176,sell,3763.9,10.52,3764.48,11.92
2024-06-01 10:18:40,3764.29,0.767,sell,3764.07,5.75,3764.47,12.76
2024-06-01 10:18:41,3764.41,0.724,buy,3764.13,11.15,3764.54,13.14
2024-06-01 10:18:42,3764.48,0.326,sell,3764.3,11.72,3764.64,8.06
2024-06-01 10:18:43,3764.36,0.328,buy,3764.12,14.7,3764.53,8.64
2024-06-01 10:18:44,3764.52,0.666,sell,3764.29,14.0,3764.75,13.16
2024-06-01 10:18:45,3764.41,0.786,sell,3764.18,10.67,3764.61,5.39
2024-06-01 10:18:46,3764.44,0.889,sell,3764.21,12.93,3764.69,10.14
2024-06-01 10:18:47,3764.36,0.867,sell,3764.22,8.64,3764.6,14.2
2024-06-01 10:18:48,3764.36,0.968,buy,3764.23,10.86,3764.51,13.85
2024-06-01 10:18:49,3764.39,0.623,buy,3764.1,9.03,3764.65,13.04
2024-06-01 10:18:50,3764.42,0.918,buy,3764.31,8.37,3764.69,5.22
2024-06-01 10:18:51,3764.47,0.828,sell,3764.27,12.28,3764.69,13.88
2024-06-01 10:18:52,3764.63,0.905,buy,3764.44,7.97,3764.91,14.12
2024-06-01 10:18:53,3764.67,0.11,sell,3764.5,8.81,3764.93,11.64
2024-06-01 10:18:54,3764.65,0.969,buy,3764.39,8.67,3764.87,7.99
2024-06-01 10:18:55,3764.74,0.526,sell,3764.5,13.7,3765.03,9.9
2024-06-01 10:18:56,3764.86,0.818,sell,3764.58,6.7,3765.08,12.63
2024-06-01 10:18:57,3764.74,0.214,sell,3764.56,8.81,3764.94,13.13
2024-06-01 10:18:58,3764.8,0.456,buy,3764.59,13.88,3764.97,8.43
2024-06-01 10:18:59,3764.87,0.344,buy,3764.59,5.15,3765.15,8.26
2024-06-01 10:19:00,3764.84,0.362,buy,3764.54,14.48,3764.97,12.36
2024-06-01 10:19:01,3764.98,0.211,buy,3764.68,13.99,3765.17,11.86
2024-06-01 10:19:02,3764.96,0.825,sell,3764.72,9.18,3765.17,10.13
2024-06-01 10:19:03,3764.98,0.108,sell,3764.85,11.53,3765.19,9.2
2024-06-01 10:19:04,3764.96,0.381,sell,3764.85,14.91,3765.19,11.57
2024-06-01 10:19:05,3764.96,0.257,sell,3764.69,10.55,3765.16,5.32
2024-06-01 10:19:06,3764.85,0.63,buy,3764.58,5.97,3765.0,5.76
2024-06-01 10:19:07,3764.71,0.329,buy,3764.46,13.54,3764.98,10.73
2024-06-01 10:19:08,3764.87,0.333,sell,3764.71,6.34,3765.1,7.1
2024-06-01 10:19:09,3764.78,0.54,buy,3764.55,7.57,3765.05,12.75
2024-06-01 10:19:10,3764.68,0.687,sell,3764.52,13.74,3764.84,12.72
2024-06-01 10:19:11,3764.47,0.209,sell,3764.28,7.56,3764.69,12.1
2024-06-01 10:19:12,3764.4,0.258,sell,3764.23,12.45,3764.65,14.04
2024-06-01 10:19:13,3764.27,0.322,buy,3763.99,9.48,3764.45,6.41
2024-06-01 10:19:14,3764.43,0.976,sell,3764.29,12.6,3764.7,7.59
2024-06-01 10:19:15,3764.54,0.457,buy,3764.32,7.32,3764.64,7.52
2024-06-01 10:19:16,3764.47,0.639,sell,3764.29,9.2,3764.69,12.82
2024-06-01 10:19:17,3764.69,0.317,buy,3764.46,8.18,3764.91,10.21
2024-06-01 10:19:18,3764.79,0.541,buy,3764.58,7.49,3765.0,7.53
2024-06-01 10:19:19,3764.76,0.167,sell,3764.47,8.14,3764.98,6.36
2024-06-01 10:19:20,3764.51,0.131,sell,3764.39,8.23,3764.64,13.93
2024-06-01 10:19:21,3764.74,0.522,buy,3764.59,14.55,3764.97,11.92
2024-06-01 10:19:22,3764.6,0.459,buy,3764.34,10.33,3764.76,10.29
2024-06-01 10:19:23,3764.43,0.223,buy,3764.26,9.62,3764.62,14.65
2024-06-01 10:19:24,3764.54,0.719,sell,3764.4,10.03,3764.7,13.5
2024-06-01 10:19:25,3764.78,0.994,sell,3764.58,14.96,3764.97,6.78
2024-06-01 10:19:26,3764.92,0.456,buy,3764.69,11.54,3765.14,10.08
2024-06-01 10:19:27,3764.97,0.662,buy,3764.87,12.03,3765.24,9.86
2024-06-01 10:19:28,3765.03,0.967,buy,3764.88,8.14,3765.23,13.44
2024-06-01 10:19:29,3765.12,0.848,sell,3764.86,9.72,3765.28,6.49
2024-06-01 10:19:30,3765.2,0.517,sell,3764.99,6.84,3765.39,9.52
2024-06-01 10:19:31,3765.22,0.764,buy,3765.12,11.85,3765.46,11.37
2024-06-01 10:19:32,3765.23,0.215,buy,3765.08,8.44,3765.4,14.45
2024-06-01 10:19:33,3765.23,0.561,sell,3765.0,12.48,3765.41,13.99
2024-06-01 10:19:34,3765.15,0.351,sell,3765.01,7.13,3765.36,10.34
2024-06-01 10:19:35,3765.12,0.245,buy,3764.86,9.04,3765.28,11.07
2024-06-01 10:19:36,3764.95,0.484,buy,3764.72,9.71,3765.1,13.52
2024-06-01 10:19:37,3764.94,0.218,buy,3764.75,6.67,3765.07,12.44
2024-06-01 10:19:38,3764.85,0.729,sell,3764.56,5.7,3765.02,13.79
2024-06-01 10:19:39,3764.74,0.511,buy,3764.56,8.17,3764.85,13.96
2024-06-01 10:19:40,3764.75,0.578,buy,3764.61,10.45,3764.97,13.33
2024-06-01 10:19:41,3764.89,0.232,buy,3764.66,11.53,3765.03,5.09
2024-06-01 10:19:42,3764.98,0.226,sell,3764.77,9.25,3765.16,8.11
2024-06-01 10:19:43,3764.83,0.625,sell,3764.66,10.0,3764.98,9.04
2024-06-01 10:19:44,3764.73,0.987,sell,3764.56,10.43,3764.95,11.78
2024-06-01 10:19:45,3764.82,0.187,buy,3764.64,10.12,3765.09,8.07
2024-06-01 10:19:46,3764.72,0.357,sell,3764.57,5.9,3764.95,8.24
2024-06-01 10:19:47,3764.7,0.883,sell,3764.46,9.05,3764.91,9.0
2024-06-01 10:19:48,3764.76,0.165,sell,3764.53,7.04,3764.99,14.55
2024-06-01 10:19:49,3764.66,0.888,sell,3764.47,10.34,3764.77,9.37
2024-06-01 10:19:50,3764.67,0.572,sell,3764.49,12.58,3764.8,6.41
2024-06-01 10:19:51,3764.54,0.467,buy,3764.36,10.79,3764.66,5.06
2024-06-01 10:19:52,3764.48,0.379,buy,3764.32,7.22,3764.6,7.37
2024-06-01 10:19:53,3764.51,0.367,buy,3764.39,7.08,3764.66,14.39
2024-06-01 10:19:54,3764.35,0.375,buy,3764.2,5.37,3764.56,14.55
2024-06-01 10:19:55,3764.39,0.896,buy,3764.23,9.26,3764.52,10.29
2024-06-01 10:19:56,3764.39,0.751,sell,3764.18,9.33,3764.68,11.46
2024-06-01 10:19:57,3764.45,0.703,sell,3764.19,7.36,3764.72,12.96
2024-06-01 10:19:58,3764.47,0.819,buy,3764.29,12.64,3764.76,5.56
2024-06-01 10:19:59,3764.61,0.331,sell,3764.32,8.86,3764.71,8.74
2024-06-01 10:20:00,3764.62,0.656,buy,3764.35,11.69,3764.89,11.42
2024-06-01 10:20:01,3764.58,0.514,buy,3764.28,11.4,3764.84,13.98
2024-06-01 10:20:02,3764.59,0.804,sell,3764.31,11.05,3764.87,12.27
2024-06-01 10:20:03,3764.64,0.378,buy,3764.42,14.08,3764.85,8.5
2024-06-01 10:20:04,3764.65,0.679,sell,3764.43,5.16,3764.9,14.1
2024-06-01 10:20:05,3764.65,0.894,buy,3764.53,5.68,3764.76,11.65
2024-06-01 10:20:06,3764.58,0.462,sell,3764.34,12.22,3764.7,13.3
2024-06-01 10:20:07,3764.51,0.16,sell,3764.29,8.54,3764.64,8.86
2024-06-01 10:20:08,3764.37,0.564,sell,3764.17,14.87,3764.66,5.02
2024-06-01 10:20:09,3764.55,0.411,sell,3764.31,7.16,3764.66,6.66
2024-06-01 10:20:10,3764.42,0.705,sell,3764.24,6.83,3764.54,14.27
2024-06-01 10:20:11,3764.36,0.956,sell,3764.15,10.88,3764.64,5.33
2024-06-01 10:20:12,3764.28,0.537,buy,3764.1,7.79,3764.41,10.96
2024-06-01 10:20:13,3764.37,0.52,buy,3764.13,8.4,3764.65,9.09
2024-06-01 10:20:14,3764.34,0.689,sell,3764.07,14.21,3764.6,9.3
2024-06-01 10:20:15,3764.47,0.193,sell,3764.2,5.26,3764.58,9.01
2024-06-01 10:20:16,3764.4,0.328,buy,3764.14,10.31,3764.51,5.67
2024-06-01 10:20:17,3764.43,0.927,buy,3764.33,8.35,3764.64,6.22
2024-06-01 10:20:18,3764.35,0.703,buy,3764.06,8.46,3764.64,5.63
2024-06-01 10:20:19,3764.56,0.112,buy,3764.4,7.48,3764.84,5.54
2024-06-01 10:20:20,3764.44,0.284,buy,3764.16,6.35,3764.6,5.86
2024-06-01 10:20:21,3764.47,0.715,sell,3764.33,5.34,3764.65,11.97
2024-06-01 10:20:22,3764.54,0.788,buy,3764.35,14.88,3764.71,6.14
2024-06-01 10:20:23,3764.58,0.856,buy,3764.33,11.6,3764.82,7.61
2024-06-01 10:20:24,3764.56,0.363,buy,3764.33,12.77,3764.73,11.57
2024-06-01 10:20:25,3764.55,0.938,sell,3764.36,5.65,3764.67,6.12
2024-06-01 10:20:26,3764.55,0.598,buy,3764.31,5.15,3764.8,14.1
2024-06-01 10:20:27,3764.54,0.727,buy,3764.33,11.0,3764.73,9.77
2024-06-01 10:20:28,3764.63,0.637,sell,3764.48,12.24,3764.75,14.63
2024-06-01 10:20:29,3764.85,0.21,sell,3764.62,8.95,3765.11,6.93
2024-06-01 10:20:30,3764.8,0.967,buy,3764.66,8.88,3765.01,5.31
2024-06-01 10:20:31,3764.66,0.211,sell,3764.42,8.84,3764.86,10.9
2024-06-01 10:20:32,3764.65,0.329,buy,3764.55,6.53,3764.89,8.29
2024-06-01 10:20:33,3764.91,0.832,buy,3764.7,12.54,3765.11,10.72
2024-06-01 10:20:34,3764.83,0.657,sell,3764.65,7.15,3765.06,9.74
2024-06-01 10:20:35,3764.99,0.854,buy,3764.83,8.24,3765.27,9.57
2024-06-01 10:20:36,3765.16,0.564,sell,3764.96,11.71,3765.38,13.51
2024-06-01 10:20:37,3765.1,0.439,sell,3764.88,5.0,3765.34,6.92
2024-06-01 10:20:38,3765.16,0.93,sell,3764.87,12.66,3765.38,10.0
2024-06-01 10:20:39,3765.32,0.133,sell,3765.06,13.99,3765.53,9.16
2024-06-01 10:20:40,3765.29,0.871,buy,3765.04,5.52,3765.42,11.74
2024-06-01 10:20:41,3765.27,0.308,buy,3765.07,10.92,3765.43,5.5
2024-06-01 10:20:42,3765.21,0.864,buy,3765.03,9.08,3765.45,10.29
2024-06-01 10:20:43,3765.11,0.225,sell,3765.0,5.78,3765.29,9.79
2024-06-01 10:20:44,3765.04,0.622,buy,3764.87,11.82,3765.22,14.74
2024-06-01 10:20:45,3764.92,0.899,sell,3764.65,11.12,3765.17,12.56
2024-06-01 10:20:46,3764.92,0.526,buy,3764.75,11.43,3765.02,6.55
2024-06-01 10:20:47,3764.85,0.772,sell,3764.65,13.13,3765.08,10.09
2024-06-01 10:20:48,3764.87,0.824,buy,3764.71,7.87,3765.07,12.84
2024-06-01 10:20:49,3764.71,0.763,buy,3764.56,11.77,3764.89,10.25
2024-06-01 10:20:50,3764.75,0.933,sell,3764.63,12.43,3764.91,8.57
2024-06-01 10:20:51,3764.83,0.502,buy,3764.61,6.69,3764.96,8.77
2024-06-01 10:20:52,3764.63,0.256,sell,3764.44,14.57,3764.8,8.67
2024-06-01 10:20:53,3764.67,0.143,sell,3764.45,8.4,3764.85,5.2
2024-06-01 10:20:54,3764.79,0.322,buy,3764.58,12.14,3764.98,12.31
2024-06-01 10:20:55,3764.67,0.229,buy,3764.41,12.54,3764.9,11.11
2024-06-01 10:20:56,3764.84,0.602,buy,3764.59,10.04,3765.03,7.69
2024-06-01 10:20:57,3764.88,0.266,sell,3764.62,6.29,3765.14,11.3
2024-06-01 10:20:58,3764.81,0.135,sell,3764.61,7.76,3765.04,8.09
2024-06-01 10:20:59,3764.8,0.132,sell,3764.63,7.34,3764.94,7.43
2024-06-01 10:21:00,3764.86,0.848,sell,3764.57,10.19,3765.01,12.41
2024-06-01 10:21:01,3764.87,0.632,sell,3764.76,7.61,3764.98,13.09
2024-06-01 10:21:02,3764.92,0.422,sell,3764.79,10.47,3765.21,11.26
2024-06-01 10:21:03,3764.83,0.905,sell,3764.64,7.88,3765.11,12.84
2024-06-01 10:21:04,3764.85,0.163,sell,3764.62,5.01,3764.96,8.66
2024-06-01 10:21:05,3764.7,0.982,sell,3764.6,8.63,3764.92,5.72
2024-06-01 10:21:06,3764.69,0.655,buy,3764.45,11.07,3764.98,11.05
2024-06-01 10:21:07,3764.6,0.265,sell,3764.39,12.74,3764.85,7.56
2024-06-01 10:21:08,3764.53,0.711,sell,3764.33,5.28,3764.73,12.77
2024-06-01 10:21:09,3764.65,0.787,buy,3764.47,7.58,3764.8,8.58
2024-06-01 10:21:10,3764.76,0.486,buy,3764.56,14.85,3764.92,11.71
2024-06-01 10:21:11,3764.82,0.875,sell,3764.69,7.62,3765.07,10.53
2024-06-01 10:21:12,3764.71,0.236,buy,3764.59,12.77,3764.97,13.17
2024-06-01 10:21:13,3764.68,0.351,buy,3764.52,10.09,3764.89,13.32
2024-06-01 10:21:14,3764.8,0.184,sell,3764.56,6.22,3764.93,5.68
2024-06-01 10:21:15,3764.82,0.29,sell,3764.6,11.43,3765.1,7.95
2024-06-01 10:21:16,3765.05,0.315,buy,3764.85,14.66,3765.32,13.71
2024-06-01 10:21:17,3765.09,0.926,sell,3764.87,13.87,3765.22,9.04
2024-06-01 10:21:18,3765.11,0.17,buy,3764.9,11.9,3765.22,10.15
2024-06-01 10:21:19,3765.08,0.485,sell,3764.92,10.12,3765.28,6.83
2024-06-01 10:21:20,3765.09,0.579,sell,3764.97,8.19,3765.25,10.53
2024-06-01 10:21:21,3765.07,0.909,buy,3764.8,8.57,3765.23,7.65
2024-06-01 10:21:22,3765.15,0.998,buy,3764.93,8.46,3765.26,13.29
2024-06-01 10:21:23,3765.24,0.778,buy,3765.0,14.22,3765.53,7.0
2024-06-01 10:21:24,3765.16,0.974,buy,3764.97,7.11,3765.43,8.6
2024-06-01 10:21:25,3765.03,0.808,buy,3764.78,8.78,3765.15,5.95
2024-06-01 10:21:26,3764.85,0.967,sell,3764.63,9.32,3765.12,10.88
2024-06-01 10:21:27,3764.9,0.737,sell,3764.79,9.09,3765.13,14.42
2024-06-01 10:21:28,3764.79,0.172,buy,3764.51,5.04,3764.95,6.73
2024-06-01 10:21:29,3764.57,0.462,buy,3764.41,7.71,3764.85,5.2
2024-06-01 10:21:30,3764.61,0.682,buy,3764.48,9.99,3764.83,9.22
2024-06-01 10:21:31,3764.86,0.416,sell,3764.74,12.6,3765.13,12.48
2024-06-01 10:21:32,3764.86,0.346,sell,3764.61,10.69,3765.05,14.75
2024-06-01 10:21:33,3764.94,0.62,buy,3764.7,8.85,3765.14,5.51
2024-06-01 10:21:34,3764.95,0.94,sell,3764.71,11.65,3765.11,12.86
2024-06-01 10:21:35,3764.94,0.131,sell,3764.66,11.66,3765.12,8.69
2024-06-01 10:21:36,3765.03,0.792,buy,3764.86,7.48,3765.25,6.54
2024-06-01 10:21:37,3765.0,0.75,buy,3764.79,6.04,3765.29,6.92
2024-06-01 10:21:38,3765.03,0.968,sell,3764.81,13.03,3765.25,14.24
2024-06-01 10:21:39,3765.06,0.938,sell,3764.77,10.3,3765.19,13.09
2024-06-01 10:21:40,3765.0,0.786,sell,3764.83,6.77,3765.1,8.12
2024-06-01 10:21:41,3765.09,0.568,sell,3764.8,7.62,3765.37,14.4
2024-06-01 10:21:42,3765.08,0.284,sell,3764.95,12.66,3765.25,6.05
2024-06-01 10:21:43,3765.0,0.591,buy,3764.75,11.53,3765.16,8.23
2024-06-01 10:21:44,3765.06,0.789,sell,3764.83,14.45,3765.32,11.53
2024-06-01 10:21:45,3764.97,0.906,buy,3764.7,9.65,3765.25,14.99
2024-06-01 10:21:46,3764.97,0.811,buy,3764.86,5.52,3765.22,9.66
2024-06-01 10:21:47,3764.97,0.276,sell,3764.85,12.0,3765.1,13.11
2024-06-01 10:21:48,3765.08,0.64,buy,3764.96,7.55,3765.25,14.16
2024-06-01 10:21:49,3765.12,0.399,sell,3764.9,8.24,3765.38,5.1
2024-06-01 10:21:50,3765.12,0.108,buy,3764.9,6.97,3765.4,7.89
2024-06-01 10:21:51,3765.2,0.28,sell,3764.92,8.09,3765.5,6.0
2024-06-01 10:21:52,3765.34,0.202,buy,3765.15,13.29,3765.54,12.76
2024-06-01 10:21:53,3765.4,0.858,sell,3765.28,10.77,3765.66,10.67
2024-06-01 10:21:54,3765.4,0.333,sell,3765.26,6.09,3765.51,5.96
2024-06-01 10:21:55,3765.27,0.356,buy,3765.17,10.87,3765.42,9.21
2024-06-01 10:21:56,3765.16,0.964,buy,3764.91,11.34,3765.34,10.14
2024-06-01 10:21:57,3765.13,0.441,buy,3764.87,13.85,3765.43,11.98
2024-06-01 10:21:58,3765.07,0.109,sell,3764.77,13.6,3765.17,12.79
2024-06-01 10:21:59,3765.05,0.355,buy,3764.87,5.63,3765.21,5.88
2024-06-01 10:22:00,3765.06,0.207,buy,3764.95,13.67,3765.34,9.88
2024-06-01 10:22:01,3765.11,0.193,sell,3764.96,5.51,3765.27,6.61
2024-06-01 10:22:02,3765.1,0.17,sell,3764.88,6.54,3765.25,12.53
2024-06-01 10:22:03,3765.15,0.634,buy,3764.86,6.12,3765.4,11.58
2024-06-01 10:22:04,3765.16,0.27,buy,3765.04,6.82,3765.41,12.23
2024-06-01 10:22:05,3764.96,0.425,sell,3764.84,13.03,3765.15,5.75
2024-06-01 10:22:06,3764.87,0.876,sell,3764.63,11.86,3765.16,10.1
2024-06-01 10:22:07,3764.85,0.482,sell,3764.62,11.87,3764.99,13.41
2024-06-01 10:22:08,3764.73,0.924,buy,3764.58,14.22,3765.01,12.13
2024-06-01 10:22:09,3764.79,0.548,buy,3764.53,8.92,3765.04,13.62
2024-06-01 10:22:10,3764.94,0.459,sell,3764.82,5.03,3765.12,7.06
2024-06-01 10:22:11,3765.07,0.775,sell,3764.78,11.4,3765.33,7.87
2024-06-01 10:22:12,3765.04,0.166,sell,3764.9,13.68,3765.17,9.41
2024-06-01 10:22:13,3765.19,0.181,buy,3765.08,14.76,3765.32,10.23
2024-06-01 10:22:14,3765.21,0.687,buy,3765.04,8.64,3765.49,7.52
2024-06-01 10:22:15,3765.17,0.538,buy,3765.04,13.22,3765.29,8.81
2024-06-01 10:22:16,3765.11,0.811,buy,3764.91,13.49,3765.21,11.87
2024-06-01 10:22:17,3765.08,0.925,sell,3764.85,6.44,3765.26,11.45
2024-06-01 10:22:18,3765.04,0.45,sell,3764.85,11.31,3765.16,6.1
2024-06-01 10:22:19,3765.06,0.637,buy,3764.83,6.73,3765.33,14.86
2024-06-01 10:22:20,3765.08,0.551,sell,3764.9,9.47,3765.36,10.63
2024-06-01 10:22:21,3765.08,0.983,sell,3764.97,13.79,3765.27,9.84
2024-06-01 10:22:22,3765.12,0.848,buy,3764.83,12.89,3765.31,14.67
2024-06-01 10:22:23,3765.24,0.921,sell,3764.98,10.7,3765.45,6.4
2024-06-01 10:22:24,3765.34,0.329,buy,3765.22,13.09,3765.48,10.44
2024-06-01 10:22:25,3765.19,0.795,buy,3765.0,6.53,3765.35,13.05
2024-06-01 10:22:26,3764.93,0.339,buy,3764.7,6.95,3765.05,8.99
2024-06-01 10:22:27,3765.02,0.288,sell,3764.89,7.09,3765.21,12.36
2024-06-01 10:22:28,3764.89,0.95,buy,3764.67,12.76,3765.11,13.99
2024-06-01 10:22:29,3764.87,0.117,sell,3764.66,13.91,3765.15,7.62
2024-06-01 10:22:30,3764.75,0.969,sell,3764.61,10.63,3765.0,7.41
2024-06-01 10:22:31,3764.57,0.234,buy,3764.44,14.58,3764.81,8.61
2024-06-01 10:22:32,3764.62,0.837,buy,3764.37,12.28,3764.78,9.18
2024-06-01 10:22:33,3764.7,0.348,buy,3764.53,10.64,3764.98,6.11
2024-06-01 10:22:34,3764.64,0.416,buy,3764.49,11.12,3764.93,7.31
2024-06-01 10:22:35,3764.38,0.295,buy,3764.13,13.5,3764.67,13.73
2024-06-01 10:22:36,3764.33,0.627,sell,3764.08,5.9,3764.43,10.67
2024-06-01 10:22:37,3764.37,0.413,sell,3764.21,6.68,3764.59,7.68
2024-06-01 10:22:38,3764.22,0.692,sell,3763.94,7.66,3764.45,14.44
2024-06-01 10:22:39,3764.24,0.114,buy,3764.0,13.95,3764.4,12.74
2024-06-01 10:22:40,3764.24,0.158,buy,3764.07,14.45,3764.53,8.62
2024-06-01 10:22:41,3764.29,0.19,sell,3764.11,8.56,3764.45,12.65
2024-06-01 10:22:42,3764.3,0.477,buy,3764.06,14.24,3764.45,10.96
2024-06-01 10:22:43,3764.21,0.833,sell,3764.07,10.47,3764.4,11.84
2024-06-01 10:22:44,3764.33,0.899,sell,3764.13,9.73,3764.49,8.21
2024-06-01 10:22:45,3764.31,0.32,sell,3764.08,13.33,3764.6,7.09
2024-06-01 10:22:46,3764.31,0.617,buy,3764.1,10.46,3764.5,7.54
2024-06-01 10:22:47,3764.22,0.792,buy,3763.99,9.54,3764.4,5.84
2024-06-01 10:22:48,3764.17,0.36,sell,3763.96,5.16,3764.4,9.71
2024-06-01 10:22:49,3764.08,0.468,buy,3763.94,5.13,3764.2,9.06
2024-06-01 10:22:50,3764.07,0.572,buy,3763.88,11.28,3764.32,5.03
2024-06-01 10:22:51,3764.24,0.221,buy,3764.03,5.73,3764.49,13.56
2024-06-01 10:22:52,3764.1,0.123,sell,3763.84,12.37,3764.29,11.82
2024-06-01 10:22:53,3763.94,0.238,sell,3763.71,11.22,3764.23,9.47
2024-06-01 10:22:54,3764.09,0.664,sell,3763.9,9.58,3764.3,14.67
2024-06-01 10:22:55,3764.06,0.166,sell,3763.77,12.1,3764.3,14.41
2024-06-01 10:22:56,3764.0,0.271,sell,3763.88,14.93,3764.28,5.95
2024-06-01 10:22:57,3764.1,0.404,buy,3763.96,7.46,3764.33,11.15
2024-06-01 10:22:58,3764.04,0.17,sell,3763.87,10.57,3764.23,13.17
2024-06-01 10:22:59,3764.22,0.273,buy,3764.08,13.43,3764.33,6.73
2024-06-01 10:23:00,3764.29,0.92,sell,3764.07,5.17,3764.54,6.28
2024-06-01 10:23:01,3764.24,0.117,buy,3764.13,7.04,3764.54,7.6
2024-06-01 10:23:02,3764.46,0.688,buy,3764.32,10.21,3764.65,7.8
2024-06-01 10:23:03,3764.4,0.446,sell,3764.24,10.52,3764.57,14.65
2024-06-01 10:23:04,3764.47,0.705,buy,3764.23,5.86,3764.68,12.8
2024-06-01 10:23:05,3764.5,0.63,buy,3764.23,9.07,3764.75,5.6
2024-06-01 10:23:06,3764.63,0.301,buy,3764.37,10.2,3764.73,12.86
2024-06-01 10:23:07,3764.79,0.862,buy,3764.65,9.23,3765.07,6.7
2024-06-01 10:23:08,3764.79,0.543,buy,3764.58,12.01,3765.07,8.57
2024-06-01 10:23:09,3764.72,0.84,buy,3764.61,12.71,3764.92,8.19
2024-06-01 10:23:10,3764.76,0.465,sell,3764.6,9.6,3764.89,7.72
2024-06-01 10:23:11,3764.69,0.986,buy,3764.43,9.26,3764.93,8.09
2024-06-01 10:23:12,3764.9,0.793,sell,3764.7,12.05,3765.02,12.54
2024-06-01 10:23:13,3764.91,0.969,buy,3764.78,10.55,3765.11,7.67
2024-06-01 10:23:14,3764.87,0.563,buy,3764.68,13.7,3764.99,13.01
2024-06-01 10:23:15,3764.89,0.526,buy,3764.75,9.81,3765.11,5.91
2024-06-01 10:23:16,3764.76,0.78,buy,3764.58,10.74,3764.92,10.95
2024-06-01 10:23:17,3764.66,0.892,buy,3764.46,6.29,3764.93,13.63
2024-06-01 10:23:18,3764.78,0.968,buy,3764.61,13.36,3765.04,5.79
2024-06-01 10:23:19,3764.71,0.392,buy,3764.43,9.22,3765.01,11.35
2024-06-01 10:23:20,3764.61,0.819,buy,3764.4,12.19,3764.76,10.12
2024-06-01 10:23:21,3764.66,0.29,sell,3764.39,9.29,3764.77,8.32
2024-06-01 10:23:22,3764.78,0.591,sell,3764.53,5.01,3764.97,6.01
2024-06-01 10:23:23,3764.85,0.262,sell,3764.62,9.0,3764.97,11.76
2024-06-01 10:23:24,3764.95,0.413,sell,3764.75,6.48,3765.09,8.09
2024-06-01 10:23:25,3764.88,0.938,buy,3764.78,8.99,3765.1,8.39
2024-06-01 10:23:26,3764.73,0.231,buy,3764.51,8.21,3764.95,12.18
2024-06-01 10:23:27,3764.88,0.669,buy,3764.71,7.03,3764.99,14.45
2024-06-01 10:23:28,3764.85,0.634,sell,3764.73,6.24,3765.04,8.34
2024-06-01 10:23:29,3764.83,0.209,sell,3764.64,12.29,3765.03,12.47
2024-06-01 10:23:30,3764.96,0.393,sell,3764.71,12.55,3765.11,14.57
2024-06-01 10:23:31,3765.02,0.607,buy,3764.72,7.65,3765.29,5.98
2024-06-01 10:23:32,3765.06,0.268,buy,3764.89,9.95,3765.19,10.29
2024-06-01 10:23:33,3765.28,0.821,sell,3765.07,9.64,3765.43,5.11
2024-06-01 10:23:34,3765.21,0.975,buy,3764.94,8.55,3765.34,13.25
2024-06-01 10:23:35,3765.31,0.293,buy,3765.14,7.78,3765.43,7.87
2024-06-01 10:23:36,3765.31,0.268,buy,3765.18,6.86,3765.59,8.33
2024-06-01 10:23:37,3765.34,0.509,sell,3765.18,13.73,3765.49,11.87
2024-06-01 10:23:38,3765.49,0.773,buy,3765.21,13.33,3765.74,12.89
2024-06-01 10:23:39,3765.54,0.353,sell,3765.41,9.17,3765.73,9.0
2024-06-01 10:23:40,3765.6,0.118,sell,3765.43,12.21,3765.82,11.66
2024-06-01 10:23:41,3765.7,0.587,buy,3765.51,9.98,3765.99,14.56
2024-06-01 10:23:42,3765.67,0.961,buy,3765.4,5.85,3765.94,13.87
2024-06-01 10:23:43,3765.58,0.452,buy,3765.3,13.22,3765.7,12.01
2024-06-01 10:23:44,3765.48,0.478,sell,3765.29,7.19,3765.75,14.43
2024-06-01 10:23:45,3765.28,0.972,sell,3765.0,12.07,3765.47,13.76
2024-06-01 10:23:46,3765.49,0.725,buy,3765.36,10.27,3765.66,12.29
2024-06-01 10:23:47,3765.38,0.747,buy,3765.25,11.91,3765.61,14.17
2024-06-01 10:23:48,3765.36,0.606,sell,3765.07,9.71,3765.65,13.17
2024-06-01 10:23:49,3765.33,0.977,sell,3765.13,12.03,3765.45,10.02
2024-06-01 10:23:50,3765.36,0.72,sell,3765.22,5.33,3765.61,10.02
2024-06-01 10:23:51,3765.44,0.906,sell,3765.24,5.41,3765.58,5.09
2024-06-01 10:23:52,3765.53,0.729,sell,3765.27,13.96,3765.7,5.3
2024-06-01 10:23:53,3765.47,0.762,buy,3765.2,12.5,3765.74,12.46
2024-06-01 10:23:54,3765.45,0.361,sell,3765.18,13.28,3765.66,10.55
2024-06-01 10:23:55,3765.48,0.373,sell,3765.27,9.57,3765.59,12.61
2024-06-01 10:23:56,3765.45,0.805,buy,3765.18,9.6,3765.66,14.5
2024-06-01 10:23:57,3765.61,0.367,sell,3765.41,10.34,3765.87,9.53
2024-06-01 10:23:58,3765.66,0.606,sell,3765.44,7.44,3765.87,5.88
2024-06-01 10:23:59,3765.74,0.324,buy,3765.49,12.34,3765.87,11.27
2024-06-01 10:24:00,3765.8,0.835,sell,3765.62,13.29,3765.99,6.0
2024-06-01 10:24:01,3765.92,0.199,buy,3765.81,14.07,3766.21,11.21
2024-06-01 10:24:02,3765.94,0.847,sell,3765.77,10.17,3766.17,10.28
2024-06-01 10:24:03,3765.81,0.642,sell,3765.58,9.15,3766.06,12.12
2024-06-01 10:24:04,3765.85,0.268,buy,3765.71,13.31,3766.11,8.51
2024-06-01 10:24:05,3765.78,0.588,sell,3765.65,12.53,3765.9,6.44
2024-06-01 10:24:06,3765.73,0.354,sell,3765.57,13.67,3765.95,7.36
2024-06-01 10:24:07,3765.79,0.391,buy,3765.68,11.56,3765.97,11.84
2024-06-01 10:24:08,3765.91,0.416,sell,3765.67,13.83,3766.04,9.78
2024-06-01 10:24:09,3765.92,0.157,sell,3765.76,5.89,3766.06,10.41
2024-06-01 10:24:10,3765.95,0.987,sell,3765.82,11.8,3766.2,8.23
2024-06-01 10:24:11,3766.12,0.128,sell,3765.88,5.89,3766.25,13.37
2024-06-01 10:24:12,3766.14,0.696,sell,3765.87,12.49,3766.3,14.99
2024-06-01 10:24:13,3766.4,0.434,buy,3766.3,11.28,3766.56,8.12
2024-06-01 10:24:14,3766.46,0.681,sell,3766.31,5.16,3766.57,12.19
2024-06-01 10:24:15,3766.28,0.421,sell,3765.99,10.99,3766.47,6.71
2024-06-01 10:24:16,3766.36,0.706,buy,3766.18,6.46,3766.61,12.42
2024-06-01 10:24:17,3766.4,0.756,buy,3766.11,6.42,3766.5,9.31
2024-06-01 10:24:18,3766.52,0.721,buy,3766.37,6.5,3766.65,11.05
2024-06-01 10:24:19,3766.59,0.203,buy,3766.45,9.84,3766.84,7.38
2024-06-01 10:24:20,3766.58,0.691,sell,3766.44,6.16,3766.8,13.52
2024-06-01 10:24:21,3766.46,0.352,sell,3766.34,6.26,3766.7,6.73
2024-06-01 10:24:22,3766.43,0.126,sell,3766.16,7.56,3766.58,14.29
2024-06-01 10:24:23,3766.35,0.473,sell,3766.05,5.01,3766.61,5.61
2024-06-01 10:24:24,3766.29,0.49,sell,3766.0,7.76,3766.49,7.88
2024-06-01 10:24:25,3766.35,0.52,sell,3766.08,11.18,3766.57,10.63
2024-06-01 10:24:26,3766.52,0.734,sell,3766.25,11.02,3766.64,13.58
2024-06-01 10:24:27,3766.56,0.378,buy,3766.32,14.7,3766.7,10.77
2024-06-01 10:24:28,3766.44,0.384,sell,3766.17,6.2,3766.69,7.16
2024-06-01 10:24:29,3766.48,0.154,buy,3766.34,13.66,3766.63,13.59
2024-06-01 10:24:30,3766.6,0.718,buy,3766.42,8.91,3766.72,10.96
2024-06-01 10:24:31,3766.54,0.611,buy,3766.31,8.87,3766.76,7.32
2024-06-01 10:24:32,3766.53,0.414,sell,3766.25,8.49,3766.74,10.62
2024-06-01 10:24:33,3766.53,0.735,sell,3766.3,6.25,3766.75,11.75
2024-06-01 10:24:34,3766.45,0.584,buy,3766.18,9.79,3766.67,11.81
2024-06-01 10:24:35,3766.51,0.522,sell,3766.32,12.87,3766.71,12.24
2024-06-01 10:24:36,3766.5,0.56,sell,3766.26,13.75,3766.7,13.96
2024-06-01 10:24:37,3766.54,0.673,buy,3766.25,14.63,3766.83,13.25
2024-06-01 10:24:38,3766.46,0.694,buy,3766.33,12.85,3766.66,11.08
2024-06-01 10:24:39,3766.41,0.36,sell,3766.13,11.23,3766.64,5.32
2024-06-01 10:24:40,3766.48,0.227,buy,3766.28,9.98,3766.64,12.5
2024-06-01 10:24:41,3766.45,0.241,buy,3766.22,13.75,3766.72,14.75
2024-06-01 10:24:42,3766.62,0.675,buy,3766.34,12.4,3766.72,8.06
2024-06-01 10:24:43,3766.58,0.886,sell,3766.4,6.61,3766.79,11.07
2024-06-01 10:24:44,3766.6,0.469,sell,3766.42,11.83,3766.78,12.69
2024-06-01 10:24:45,3766.7,0.253,buy,3766.49,9.31,3766.92,11.39
2024-06-01 10:24:46,3766.55,0.781,buy,3766.45,10.96,3766.73,14.23
2024-06-01 10:24:47,3766.38,0.849,sell,3766.18,13.98,3766.62,9.73
2024-06-01 10:24:48,3766.23,0.893,sell,3766.07,11.53,3766.33,10.32
2024-06-01 10:24:49,3766.35,0.646,sell,3766.07,14.39,3766.53,5.38
2024-06-01 10:24:50,3766.3,0.875,sell,3766.18,13.66,3766.56,14.0
2024-06-01 10:24:51,3766.55,0.114,sell,3766.36,6.29,3766.7,7.62
2024-06-01 10:24:52,3766.5,0.197,sell,3766.21,5.12,3766.61,14.78
2024-06-01 10:24:53,3766.51,0.183,buy,3766.23,8.84,3766.71,7.02
2024-06-01 10:24:54,3766.67,0.741,buy,3766.43,13.65,3766.96,7.53
2024-06-01 10:24:55,3766.87,0.163,buy,3766.65,7.3,3766.98,9.85
2024-06-01 10:24:56,3767.07,0.547,sell,3766.92,11.91,3767.19,11.61
2024-06-01 10:24:57,3767.2,0.525,buy,3767.02,9.76,3767.41,9.41
2024-06-01 10:24:58,3767.3,0.38,buy,3767.18,12.46,3767.45,8.52
2024-06-01 10:24:59,3767.36,0.883,buy,3767.1,6.65,3767.54,10.4
2024-06-01 10:25:00,3767.44,0.253,buy,3767.27,7.39,3767.7,14.58
2024-06-01 10:25:01,3767.38,0.417,buy,3767.15,7.43,3767.52,14.62
2024-06-01 10:25:02,3767.3,0.797,buy,3767.13,10.48,3767.54,8.28
2024-06-01 10:25:03,3767.3,0.127,buy,3767.11,7.9,3767.5,11.8
2024-06-01 10:25:04,3767.28,0.706,sell,3767.07,13.12,3767.56,12.22
2024-06-01 10:25:05,3767.24,0.835,buy,3766.98,8.47,3767.53,11.53
2024-06-01 10:25:06,3767.31,0.939,buy,3767.16,11.61,3767.5,6.13
2024-06-01 10:25:07,3767.4,0.889,sell,3767.22,14.49,3767.62,10.39
2024-06-01 10:25:08,3767.41,0.387,buy,3767.28,11.07,3767.66,12.63
2024-06-01 10:25:09,3767.56,0.628,sell,3767.44,7.42,3767.72,7.01
2024-06-01 10:25:10,3767.44,0.17,buy,3767.22,13.3,3767.59,8.48
2024-06-01 10:25:11,3767.42,0.332,sell,3767.29,5.13,3767.72,7.04
2024-06-01 10:25:12,3767.35,0.185,buy,3767.24,7.57,3767.54,13.87
2024-06-01 10:25:13,3767.17,0.384,buy,3766.89,8.87,3767.27,13.59
2024-06-01 10:25:14,3767.16,0.888,buy,3766.95,6.96,3767.42,6.69
2024-06-01 10:25:15,3767.15,0.412,buy,3767.02,11.04,3767.37,12.61
